1786 3062
766 98 793 173 oc

41 228 114 275 sionem
130 236 224 276 Graecam
237 237 263 291 ¹).
292 237 331 277 dlii
346 233 421 295 quidem
441 241 495 279 eliud
511 243 629 293 statuerunt,
649 241 739 293 exenrpia
757 254 792 282 eu·

40 303 77 339 tem
96 302 139 352 ipso
159 305 268 344 exordinata
285 296 394 343 lrortoutur'
404 301 445 357 meo
458 308 627 360 quidemiudioio,
644 309 666 347 ut
681 303 792 361 Simplieenr

38 369 123 406 nostram
141 370 215 421 nornine
233 370 281 422 Syri
299 371 426 421 significatum
443 370 539 425 putemus.
572 373 613 423 (Gi.
630 374 686 427 locos
700 374 792 416 Psalmo-

5 425 19 441 ⁵
38 434 89 486 rum,
116 436 134 474 in
152 437 249 477 Psolterio
269 427 351 489 syriaco
371 440 482 492 llrpeniouo
506 453 523 479 o».
538 439 609 480 Dotlrio
634 453 707 481 rursum
720 443 792 497 odito,

24 502 100 552 'praet
118 510 169 553 pom
186 503 232 542 XV.
249 503 290 559 sq.)
301 524 303 526 ·
313 506 392 559 Graeci,
418 506 488 546 V.=>T.
507 507 574 545 textus
590 508 693 557 'originalis
711 511 793 550 scientio

40 568 139 621 destituti,
164 571 274 621 colligendo
294 574 397 613 versiones
418 574 473 625 quom
493 573 585 623 plurimos
604 574 793 627 doctrinaeco'pinm

40 635 129 675 simulare
142 637 257 690 rrruluerunt,
279 629 458 693 quamHebraioee
472 640 681 690 lingueie'occurotonr
701 642 738 680 sibi
758 654 794 682 co-

40 702 145 750 gnitionem
155 706 261 757 acquirere.
289 695 353 757 Ips'ius
364 707 476 756 Hieronymi
483 707 594 762 versionem
602 707 720 747 Latinumln
729 705 794 747 Grue-

40 780 80 807 eurn
95 771 282 809 trunsiatonruisse
297 772 380 810 constat.
408 772 449 812 Sed
463 773 536 811 mireris
551 773 725 824 Hieronymum-de
741 777 792 813 ver-
833 769 836 771 ’

38 835 92 872 sione
112 835 195 884 Syriaco
214 838 291 887 tacere,
312 836 452 886 Hieronymum
470 839 565 888 inquam,
582 840 615 889 qui
633 839 715 891 undique
727 842 793 879 'omniu

39 899 132 951 collegit,
152 913 202 953 quae
213 902 241 956 :ad
256 900 434 953 interpretationem
447 903 538 942 librorum
552 915 649 944 sacrorum
664 907 792 957 pertinerent,

38 967 70 1017 qui
83 965 213 1023 Robbiuorum
227 967 305 1007 selrolos
317 969 420 1008 nocturnos
436 967 489 1008 suum
502 970 521 1007 iu
537 982 590 1009 usum
604 972 679 1022 vertit,
691 972 723 1023 riui
736 972 792 1012 uiat-

37 1031 88 1071 tboei
111 1034 210 1085 enernplor
230 1035 344 1074 Hebrnieom
370 1035 420 1087 nlrurd
437 1034 550 1075 Nonoreuos
567 1038 665 1088 reperisse
681 1037 790 1088 glorietur.

37 1099 77 1138 Sed
91 1099 219 1151 Hieronymus
239 1101 376 1152 uon'prorsus
395 1101 419 1140 de
433 1100 516 1151 Syriaco
536 1103 628 1140 versione
643 1103 726 1156 silet).
754 1105 792 1143 Et-

37 1166 85 1202 enirn
104 1166 122 1203 in
140 1166 243 1218 Epitaphio
262 1168 342 1207 Paulae
355 1169 379 1207 od
393 1158 517 1206 Hustoelriuru
536 1179 568 1217 cp.
582 1166 616 1205 27.
627 1165 712 1208 scribit:
730 1169 793 1222 „He—

37 1231 113 1283 bruieo,
131 1233 219 1285 Graeco,
232 1235 299 1274 bertino
314 1230 432 1286 S'yroque
447 1244 534 1272 sermone
548 1233 619 1272 Psalmi
632 1225 732 1276 inordine
743 1248 792 1287 per-

37 1296 183 1352 sorroborrt³);“
217 1293 307 1340 (ictorum
325 1301 431 1340 tenendum
450 1302 491 1351 est,
520 1296 656 1350 Hieronymum
682 1301 793 1349 unonecbum

36 1364 98 1420 fuisse
117 1366 137 1404 et
153 1367 260 1417 eremitam,
281 1368 313 1419 qui
331 1366 506 1406 Betlrlelremitieem
528 1376 635 1404 cuvernam
649 1368 685 1406 vix
703 1367 792 1418 relique—

36 1431 61 1469 rit
78 1442 141 1483 neque
157 1432 234 1470 multum
244 1421 294 1471 cum
308 1432 379 1483 Syriae
392 1431 461 1472 incolis
473 1433 565 1470 versutus
579 1433 611 1472 sit.
639 1433 695 1487 Quod
709 1433 792 1471 enimin

36 1498 134 1548 prooemio
150 1498 174 1537 ad
190 1498 281 1538 Obodioru
296 1501 371 1539 monet:
392 1497 490 1552 „Quando
509 1509 548 1546 ego
563 1500 583 1538 et
596 1498 714 1539 Heliodorus
727 1500 792 1539 caris-

36 1565 94 1602 simus
109 1566 181 1616 puriter
195 1564 281 1603 habitare
296 1565 419 1605 solitudinem
428 1563 500 1615 Syriae
513 1562 609 1603 Chalcidis
623 1564 792 1615 nitebamur,“

36 1630 80 1668 inde
98 1641 134 1669 non
156 1632 289 1683 consequitur,
309 1631 387 1671 nrultum
402 1642 443 1668 eum
457 1630 549 1680 temporis
562 1625 629 1668 illu'in
643 1632 726 1680 regione
742 1642 791 1677 eou-

36 1696 135 1734 sumsisse.
164 1688 245 1745 Videtur
266 1699 330 1737 tnnren
349 1696 415 1736 versio
436 1695 520 1745 Syriaco
538 1691 628 1746 Simplex
644 1694 663 1735 in
681 1696 792 1736 Palaestina

36 1752 279 1814 Hieronymitemporibus
294 1765 330 1802 vix
342 1764 443 1803 rmrltorunr
457 1762 476 1799 in
486 1773 521 1798 usu
529 1761 597 1801 luisse.
626 1762 791 1802 Bne-Hebraeus

102 1925 120 1970 1)
136 1924 175 1961 Non
190 1928 227 1971 ipse
244 1925 327 1972 Origenes
343 1925 374 1961 hus
387 1929 437 1961 notas
449 1925 519 1967 adimit,
536 1923 640 1969 sednosico
652 1924 720 1961 additae
730 1926 790 1963 viden-

34 1986 72 2024 iur,
91 1992 126 2016 nou
141 1982 208 2027 crudem
225 1992 245 2017 en
261 1981 327 2017 Graeca
343 1983 423 2016 versione
440 1981 541 2025 Simplicis,
556 1979 586 2014 sed
598 1981 673 2019 eontulit
684 1983 711 2017 vir
723 1981 790 2027 quidam

34 2036 117 2072 Hebraico
130 2042 146 2071 ct
158 2037 228 2081 Syriaco
240 2038 300 2079 doetus
311 2031 399 2080 rubrumque
411 2036 516 2079 Scriptorum
528 2038 545 2068 et
558 2032 623 2084 Grbeec
635 2036 790 2079 diversitatesno-

34 2093 81 2125 iuuit
105 2091 146 2126 lude
157 2088 272 2126 inventorum
283 2086 359 2126 virorum
371 2090 501 2123 commentarios
515 2087 598 2122 eiusnodi
608 2092 659 2122 notae
668 2092 789 2134 pervenerunt.

99 2155 118 2198 2)
136 2155 162 2189 (is,
177 2155 229 2192 Andr,
245 2154 317 2195 Miller,
339 2153 392 2197 symb.
405 2152 471 2197 Syrico.
483 2151 541 2186 Berol.
553 2155 602 2189 1573.
624 2153 744 2199 Hieronymum
755 2155 789 2189 lin·
826 2192 829 2195 ,

33 2218 77 2252 guae
94 2208 175 2253 Syriaeue
188 2211 267 2253 ignorum
284 2210 337 2242 fuisse
355 2205 452 2241 Gennadius
468 2206 508 2241 iude
527 2209 606 2242 euincere
622 2209 686 2251 voluit⁷
709 2209 755 2255 quod
770 2212 789 2244 in

33 2256 78 2298 libro
91 2264 111 2298 de
122 2266 164 2299 viris
176 2264 237 2299 illustr.
250 2263 308 2298 locobi
318 2262 397 2296 Nisibeni
408 2262 472 2296 nullum
483 2263 584 2297 mentionem
596 2263 657 2302 lecerit
666 2273 789 2309 nequeeorunr

33 2317 124 2362 prrucmi
139 2319 232 2361 librorum,
250 2321 278 2363 qui
291 2318 363 2363 Syriaco
376 2320 442 2351 tunium
453 2318 513 2361 lingua
525 2317 693 2365 circumferebantur.
716 2319 751 2354 Sed
761 2319 789 2354 lo·
816 2323 819 2327 ’

33 2374 93 2409 cubum
104 2373 202 2410 Nisibeuunr
215 2371 311 2409 Gerrrrodius
327 2376 365 2418 ipse
378 2383 415 2407 curu
427 2372 521 2418 Snrugensi
533 2372 619 2414 confudit,
636 2375 788 2419 nequeeredibile
806 2391 808 2394 ·

34 2434 70 2472 est,
90 2431 165 2474 linguam
177 2420 264 2475 Syriacam
275 2431 347 2476 loturissc
358 2428 486 2473 Hieronymum,
507 2430 526 2461 iu
540 2427 583 2462 lobo
601 2428 653 2478 mulie
670 2439 690 2463 en
702 2428 789 2473 Syriusruo

34 2485 149 2528 enrolieanienr.
178 2484 203 2519 ef.
219 2484 289 2518 cundem
305 2494 331 2528 ep.
347 2488 384 2521 137.
402 2484 423 2517 ad
440 2481 505 2516 blare-2
526 2481 646 2523 „iiioruuorha
662 2484 717 2528 inagis
729 2483 790 2528 Syrum

34 2543 60 2572 esi
79 2550 129 2584 qrruru
140 2542 251 2582 Hebroioum,
271 2543 339 2581 temetsi
357 2550 377 2573 en
393 2538 466 2572 eontinio
482 2541 592 2581 ruiturumque
609 2538 790 2587 lirrguurum'aliquid

33 2591 84 2627 Hebr.
97 2599 156 2638 sonat,
173 2599 190 2630 et
201 2595 332 2638 interpretaturi
347 2592 429 2627 Dominus
440 2594 499 2626 noster
510 2593 574 2627 verrit,“
597 2593 637 2626 Alia
647 2593 694 2626 intra
706 2592 789 2628 dicentur.

99 2659 118 2702 3)
129 2658 199 2694 Paulam
217 2662 233 2693 ct
247 2655 356 2692 Eustochium
371 2655 564 2701 Hebraicomlinguom
577 2656 666 2698 didicisse,
684 2665 790 2700 magnopere

32 2709 118 2753 glorietur
135 2714 257 2760 Hieronymus,
278 2713 306 2747 vir
322 2711 343 2746 ob
361 2721 431 2756 operam
447 2714 464 2745 ei
479 2710 583 2746 indefessum
598 2711 685 2753 laborem,
706 2712 755 2757 quem
772 2714 789 2746 in

32 2763 89 2799 Biblia
102 2774 181 2813 noverit,
196 2777 282 2814 nunqnam
293 2768 335 2802 satis
347 2766 450 2808 laudandus,
466 2767 537 2811 iugenio
550 2766 660 2813 moribusque
673 2776 708 2801 nou
719 2767 750 2801 ito,
763 2797 765 2800 ,

607 2822 621 2861 5
