1786 3062
695 87 699 106 ι
737 111 738 116 t

714 196 769 238 233*

7 310 42 348 hus
58 306 115 346 iestis
130 308 154 363 et
174 307 272 347 dominicis
290 304 440 359 adscripserunt}
474 307 550 348 Habent
565 306 676 348 Orientales
697 309 754 348 notas
797 351 799 354 ,

7 384 82 427 quoque
100 373 243 414 masorethicasv
256 374 275 414 et
290 374 355 414 titulos
371 374 477 414 sectionum
491 375 623 424 argumentum
639 375 754 425 iudicantes,

7 433 172 492 quarum'notitia
188 440 239 480 haud
256 441 375 490 infructuosa
395 441 442 482 est„
461 440 492 479 De
510 439 579 492 quibus
595 428 755 482 orrrnihusScri-
787 469 789 472 -
838 443 841 445 ’

6 508 74 559 pturae
90 506 184 558 Syriacae
197 508 259 549 lector
274 509 332 548 brevi
347 505 476 548 admonendus
490 506 527 545 est.
554 504 576 545 ln
591 506 648 547 textu
660 509 703 560 ipso
713 508 754 548 vix

5 573 212 630 probarepnnostram
235 587 325 615 versuum
351 574 502 623 distinctionem,
527 583 606 625 quorum
629 585 718 630 nurnerns
736 576 754 614 in

6 641 93 690 margine
106 643 190 682 notetur.

71 707 105 747 lll.
129 708 212 749 Gravior
231 719 293 760 neque
312 706 369 745 iaoile
387 705 508 757 expedienda
529 705 607 745 videtur
624 697 711 757 quaestio
731 705 755 744 de

6 772 114 825 scripturae
136 776 156 814 et
180 774 308 826 punctationis
331 783 412 821 genere.
449 772 551 824 Scriptura
573 771 647 825 quidem
670 771 755 824 antiqua,

7 839 125 891 bistraugelo
147 842 208 891 dicta,
233 840 281 879 duas
300 834 388 890 peperit,
412 836 568 878 Nestorianorum
587 851 653 888 unam,
674 838 754 878 alteram

7 904 143 946 Maronitarum
153 913 178 946 s.
196 908 218 946 ut
235 904 347 944 Nestoriani
364 904 429 958 dieunt
441 904 574 951 lacohitarum.
601 905 656 944 Haec
671 905 754 957 quidem,

8 983 64 1022 quum
82 972 132 1023 apud
150 984 186 1012 nos
201 985 212 1012 a
228 971 293 1024 primis
308 971 352 1010 inde
365 971 484 1022 temporibus
500 972 604 1012 invaluerit
618 973 638 1011 et
654 973 755 1011 termarum

7 1037 100 1079 l'acilitatc
120 1051 142 1079 se
160 1037 289 1088 commendet,
313 1050 350 1077 uon
366 1038 471 1078 reiicienda
490 1041 527 1077 est.
555 1039 620 1093 Utrum
636 1050 683 1077 vero
699 1028 755 1077 adtri-

7 1103 69 1143 benda
86 1105 124 1144 sint
142 1106 213 1155 puncta
227 1104 350 1145 Orientalium
371 1117 394 1145 an
408 1106 466 1155 signa
481 1106 576 1145 vocalium
591 1104 678 1156 Graeca,
697 1105 755 1144 dubi-

7 1169 83 1208 taudruu
97 1170 181 1209 videtur.
210 1170 326 1211 Graecorum
342 1163 422 1211 vocales
434 1172 498 1220 magis
507 1172 609 1223 magisque
620 1170 680 1210 libros
691 1172 755 1211 editos

8 1236 134 1288 occuparunt,
153 1249 208 1289 quum
223 1238 277 1288 prius
291 1238 367 1277 iunctae
382 1238 448 1276 essent
460 1250 500 1277 curn
510 1237 585 1288 punctis
595 1238 685 1290 antiquis.
713 1238 754 1277 Fa-

9 1302 71 1341 cilitas
97 1304 171 1355 quidem
194 1304 288 1343 vocalirrrrr
308 1303 423 1343 Graecarum
448 1292 528 1343 inarime
547 1304 564 1342 si
582 1302 638 1355 prelo
658 1305 754 1356 scriptura

9 1370 141 1409 committenda
162 1372 204 1420 est,
227 1370 378 1417 conuuendatur3
399 1371 482 1409 attamen
501 1369 524 1409 ab
544 1370 622 1423 antiquo
642 1372 662 1409 et
675 1373 754 1423 proprio

7 1436 113 1486 scripturae
130 1436 233 1477 Seruiticae
246 1435 357 1476 charactere
370 1435 426 1488 plaue
440 1435 550 1477 abhorrent.
576 1436 667 1475 Punctum
682 1437 754 1478 diacri-

7 1503 64 1541 tieum
82 1504 118 1543 vix
132 1491 241 1550 suiiiceret3
260 1515 320 1555 qnare
336 1504 500 1555 potiusquinquc
515 1501 611 1541 vocalium
627 1505 697 1553 paracta
710 1504 761 1543 Ne-¹

7 1569 104 1612 storiaais,
122 1571 142 1609 et
161 1568 253 1609 lacebitis
273 1570 376 1608 comurunia
396 1569 528 1610 adhibeantur.
560 1566 673 1617 diligantur
692 1572 755 1609 autem

7 1635 84 1674 tabulae
102 1635 191 1686 exempla
210 1635 324 1675 exhibentes
345 1637 411 1675 variae
430 1635 538 1687 scripturae
558 1634 651 1686 simulque
669 1634 689 1673 in
703 1636 765 1674 Pro-v
829 1659 832 1661 >

7 1700 114 1750 legornenis
129 1703 206 1741 notetur
222 1701 317 1741 vocalium
332 1702 462 1753 apudvarias
476 1702 570 1752 Syrorum
579 1703 668 1740 nationes
679 1702 756 1741 discre-

7 1770 72 1821 pantia
90 1770 110 1808 et
124 1757 204 1808 diversa
220 1769 362 1821 pronuntiatio,
382 1771 493 1809 accentuum
506 1767 582 1820 quoque'
595 1768 668 1807 formae
683 1770 703 1808 et
717 1760 755 1809 no-

7 1835 63 1875 mina
75 1835 186 1882 tradantnr3
208 1835 292 1875 suificiat
309 1836 372 1874 antem
391 1835 410 1873 in
429 1837 484 1874 textu
503 1837 546 1887 ipso
561 1835 689 1886 interpunctio
704 1835 756 1887 talis,

8 1901 70 1954 qualis
85 1903 104 1941 in
118 1902 164 1941 edit
179 1900 284 1941 Viennensi
299 1901 402 1953 reperitur.
427 1901 491 1955 ¹Porro
505 1902 604 1954 punctatio
620 1914 631 1940 a
645 1903 756 1954 praeceptis
789 1927 794 1930 —

8 1969 137 2029 grannnaticis
153 1969 231 2022 pendet.
260 1968 302 2025 Qua
317 1969 336 2008 in
348 1980 370 2009 re
383 1982 432 2011 nunc
446 1983 483 2011 non
498 1968 626 2023 quaerendum
633 1971 754 2020 osannam

8 2035 141 2087 Tremellium,
168 2036 298 2087 Buxtorhum,
328 2036 376 2076 alios
402 2037 456 2076 viros
480 2036 622 2087 chaldaiaantes
644 2047 668 2073 an
691 2035 755 2085 Syros

8 2089 73 2153 ipsos,
102 2102 197 2153 Arrrirarn,
225 2100 369 2152 Eelrellensem‚
398 2102 506 2142 Gabrielem
529 2102 622 2142 Sionitam
652 2100 766 2154 eorumque

8 2167 139 2220 pedissequos,
157 2168 267 2219 audiaruus,
288 2170 309 2207 ut
329 2169 371 2207 olim
389 2168 499 2220 (inthimare,
517 2167 630 2207 henschenius
644 2168 665 2206 et
678 2166 755 2207 Schaa-

8 2233 44 2273 iius
63 2235 206 2287 disoeptarurrt3
230 2236 327 2288 corriperto
347 2232 408 2288 euim,
431 2236 495 2288 Syros
513 2235 562 2276 inter
580 2245 602 2273 se
620 2233 676 2286 ipsos
695 2235 757 2274 variis

9 2299 57 2341 locis
76 2303 97 2341 et
115 2303 272 2355 temporibusin
290 2303 357 2342 varias
374 2304 441 2356 partes
460 2303 541 2354 abiisse,
567 2301 666 2355 quaeritur
684 2302 757 2355 potius,

10 2361 129 2420 quorumnam
146 2357 252 2423 praecepta
269 2382 351 2409 normam
371 2370 426 2410 nohis
445 2372 465 2411 et
482 2371 548 2420 legem
563 2369 632 2408 terant.
664 2368 757 2419 Syllabas
783 2390 785 2392 >
813 2420 817 2423 ἢ

11 2435 84 2486 quidem
100 2436 168 2477 linales
181 2438 200 2477 in
214 2434 279 2478 Verbo
293 2436 340 2489 Syri
355 2449 420 2476 omnes
434 2438 497 2477 mutas
511 2447 556 2475 esse
570 2434 647 2486 iubent,
665 2436 701 2475 sed
714 2448 758 2476 ma-

10 2501 60 2539 xime
72 2502 96 2540 de
110 2505 207 2543 vocalium
221 2506 375 2557 pronuntiatione
391 2506 411 2544 et
425 2504 467 2543 aliis
482 2503 595 2557 quibusdam
608 2502 666 2540 rebus
680 2501 758 2541 minoris

10 2568 98 2607 moruenti
117 2569 228 2610 Nestoriaui
248 2584 259 2610 a
274 2570 366 2611 iacebitis
380 2570 479 2618 diiieruut;
500 2570 549 2609 adeo
564 2569 584 2608 in
598 2567 699 2624 vocabulis
713 2569 757 2607 for-

9 2632 81 2685 misque
102 2636 165 2676 uiuitis
186 2639 253 2690 quibus
272 2640 292 2677 et
310 2638 473 2690 quot‘voealibus
489 2636 611 2676 instruendae
627 2636 677 2683 sint,
696 2634 758 2673 ambi-

10 2698 75 2751 gitur,
96 2713 152 2753 quum
171 2704 203 2742 alii
220 2706 310 2745 auctores
326 2706 346 2745 et
360 2704 479 2756 exemplaria
492 2704 548 2744 aliam
563 2703 656 2743 rationem
672 2713 757 2752 sequan-

10 2763 46 2806 tur.
74 2766 157 2808 Primum
176 2769 236 2822 igitur
254 2771 320 2811 certae
339 2783 362 2822 ac
380 2769 475 2823 probatae
493 2770 631 2822 grammaticae
649 2768 669 2806 et
689 2766 757 2805 ortho-

11 2831 103 2884 graphiae
123 2834 181 2885 leges
201 2837 346 2877 constituendae
367 2840 421 2886 sunt,
444 2838 468 2877 ad
487 2850 535 2890 quas
549 2834 646 2888 punctatio
661 2831 757 2885 aequabili
