1786 3062
65 267 136 320 porreta
156 263 233 303 vocalia
252 262 304 318 (rid.
325 252 383 319 supra
402 277 449 319 pag.
471 265 527 321 171.)
546 268 567 307 et
585 267 682 316 leettorres,
698 269 815 319 grarrrrrrati—

65 352 99 381 cae
121 340 236 379 conformes.
264 342 336 381 Dubito
355 344 417 382 tamen
433 345 458 383 de
466 355 521 396 ¹voce
535 332 631 394 Ieme„
648 346 719 390 etenim
733 328 815 391 Nomine

64 417 212 470 propendente
227 405 343 459 Graecorum
357 421 530 473 pronuntiationem
545 422 634 460 accurate
647 422 721 473 scripta
735 423 754 462 iu
770 423 812 463 cod.

64 494 126 553 Baris.
146 506 199 534 vers.
218 494 294 536 Philon.
314 501 408 538 voceutnr
427 478 527 551 ῙᾸΟξ-ιι
544 486 630 544 Ῑθῶ·
648 486 731 557 (abdier,
746 493 771 539 N.
786 500 811 539 Τ.

64 583 128 611 reuss.
142 583 190 622 pag.
199 571 256 625 56.].v
273 573 364 613 Gontinet
373 575 435 615 autem
444 572 493 611 liber
506 572 544 618 iste
552 573 633 611 unanime
642 571 723 612 Nomina
732 577 811 626 propria

63 638 170 676 accuratius
182 638 237 678 iuxta
250 626 358 679 Hebraeum
375 640 395 678 et
411 637 506 678 Graccum
520 637 621 690 exemplar
636 648 733 688 expressa
746 632 811 689 simul*

63 713 100 753 que
111 703 176 742 uarias
185 703 280 744 lectiones
288 717 314 744 ea
323 705 426 745 collatione
436 704 532 744 versionis
540 703 645 756 Sirrrplieis,
658 695 811 754 Philorenianae

68 767 214 809 =Giraralms1s
223 770 354 821 depromptas.
382 764 517 821 Ipse'Wisem.
527 770 545 809 ld
554 770 651 822 proprium
661 781 706 817 esse
715 770 761 811 dicit
774 784 810 811 re·
873 790 881 801 s

62 829 158 872 censionis
164 834 313 886 Karhaplrcnsis‚
325 838 345 883 ut
353 828 527 887 teutnrnSirnplicis
537 835 593 887 plane
602 827 715 886 retinensJIn
721 836 809 877 Nomini-

61 900 97 940 bus
106 902 178 940 tanatum
188 903 207 940 et
216 902 298 941 vocibus
307 901 386 950 Graecis
395 902 491 952 rlessectat,
500 897 659 952 uiebographram
669 904 733 955 potius
744 903 809 943 Char-

62 967 144 1006 elensem
153 969 228 1005 secuta.
247 967 310 1021 Quare
320 967 387 1006 deirae
397 968 488 1006 versione
497 967 517 1005 id
527 966 647 1007 statuendum
657 958 742 1007 uidetur.
756 967 809 1009 Sim-

62 1033 109 1085 plex
121 1032 197 1084 antiqua
207 1033 271 1072 versio
281 1033 333 1072 tauta
342 1033 407 1083 viguit
416 1034 531 1074 auctoritate
540 1033 597 1074 etiam
606 1033 656 1071 inter
664 1031 773 1086 Iacobitas,
789 1037 810 1077 ut

61 1100 126 1137 versio
135 1097 273 1138 Pbiloxeuiaua
286 1100 360 1139 minime
373 1112 415 1139 earu
430 1100 470 1139 iure
480 1112 515 1139 suo
527 1112 549 1139 ae
558 1099 605 1138 sede
615 1100 695 1155 priuare
704 1101 809 1151 potuisset.

61 1164 126 1222 Atque
142 1165 194 1204 cuius
208 1164 282 1209 tandem
297 1176 369 1216 quaeso
383 1166 471 1205 utilitatis
484 1165 554 1206 suisset
563 1165 629 1205 versio
638 1176 662 1205 ea
672 1166 747 1206 ratione
756 1168 808 1217 scri-

61 1234 106 1283 pte,
122 1232 142 1270 ut
153 1232 226 1270 uiruiam
236 1220 327 1271 affectans
340 1232 359 1270 in
369 1232 439 1271 litteris
447 1231 513 1283 tidem,
527 1232 633 1271 sententias
642 1241 751 1285 omnemque
762 1245 807 1272 ser-

61 1309 134 1337 monem
147 1297 204 1349 plane
217 1298 336 1337 obscuraret.
363 1298 463 1338 lteruausit
472 1299 534 1337 tamen
544 1297 595 1349 apud
605 1298 659 1337 viros
668 1299 807 1348 gramnraticos

72 1364 142 1403 tudium
150 1365 224 1402 textum
234 1376 308 1403 sacruur
318 1364 427 1414 corrigendi
437 1366 457 1404 et
467 1364 584 1414 emendandi
593 1375 652 1416 quare
663 1375 700 1416 qua
711 1367 767 1410 erant
775 1365 807 1419 illo

61 1433 148 1482 ternpore
164 1430 234 1469 urraiore
253 1430 359 1482 subtilitate
373 1443 428 1483 qnam
441 1429 557 1480 eruditione,
576 1429 595 1467 in
610 1441 634 1468 eo
648 1430 807 1483 acquiescendum

61 1508 106 1535 csse
115 1496 199 1535 nonnulli
212 1498 313 1547 punierunt,
329 1498 350 1536 ut
357 1483 431 1535 nomina
440 1497 511 1535 tentum
521 1496 600 1547 propria
609 1495 634 1539 ad
643 1493 737 1540 Graecam
752 1497 808 1540 ueri·
820 1528 823 1538 s

62 1563 120 1601 tatem
138 1564 277 1602 revocarentur
295 1561 389 1613 simulque
408 1563 427 1600 iu
440 1562 564 1613 punctatioue
577 1560 659 1617 regulae
673 1554 809 1612 granrnraIIcae

62 1628 324 1666 strictiusobservarentur.
357 1626 398 1679 Qua
417 1626 479 1676 igitur
496 1627 529 1667 uia
546 1627 649 1675 ingressus
664 1627 707 1674 erat
719 1624 809 1682 lacobus,

7 1722 14 1747 r:
63 1693 128 1731 eadem
141 1692 261 1743 granuuatici
271 1691 391 1743 posteriores
404 1694 505 1747 emendare
516 1692 723 1744 Bihliaperrexerunt.
750 1691 810 1731 Hisne

63 1770 89 1796 ex
104 1759 172 1797 studiis
190 1758 283 1806 originem
301 1757 356 1796 duxit
369 1751 457 1797 recensio
470 1757 626 1809 liarhepheusis,
644 1758 663 1796 in
677 1768 715 1809 qua
730 1757 810 1797 uocales

63 1824 150 1865 (iraeneo
175 1823 271 1864 adhibitae
291 1835 336 1863 esse
353 1825 450 1864 videntur.
481 1825 587 1876 Postquam
606 1823 665 1875 eninr,
690 1822 811 1863 traditionem

3 1882 12 1911 ‘⁶³⁵
63 1892 166 1940 vulgarem
186 1891 204 1928 si
220 1891 326 1942 sequiumr,
347 1891 383 1930 sub
399 1891 453 1930 linem
467 1902 519 1930 saec.
533 1889 587 1935 VIll.
600 1879 682 1930 uocales
694 1888 719 1933 ad
732 1888 811 1930 formam

64 1956 157 1998 Graecam
178 1955 255 1995 efiictac
277 1958 356 2009 primum
375 1959 393 1996 in
411 1957 489 1997 Homeri
507 1956 621 2003 carminibus
638 1955 741 2006 appositae
759 1956 810 2006 suni,
847 1988 848 1992 ,

64 2023 121 2062 facile
139 2034 163 2062 eo
184 2024 261 2062 rentum
280 2025 320 2075 est,
345 2024 366 2063 ut
385 2024 442 2074 etiam
461 2024 480 2062 in
496 2022 563 2068 Bibliis
578 2020 645 2069 eadem
660 2020 719 2068 sigua
733 2019 811 2063 scribe-

65 2080 130 2130 rentur
142 2086 168 2143 ¹).
181 2140 183 2142 v
196 2088 218 2128 ln
231 2089 318 2139 inargine
334 2089 406 2129 codicis
420 2088 481 2136 nostri
495 2089 572 2142 saepius
587 2086 701 2128 memoratur
715 2083 811 2126 Theodo-

0 2330 10 2348 a«
131 2293 150 2336 1)
167 2291 272 2338 Theophilus
289 2292 385 2329 Edessenus
400 2293 489 2328 blarouita
505 2302 516 2326 a
532 2290 662 2331 Bar-Hebraeo
677 2290 757 2332 laudatus
773 2293 815 2344 vixit

66 2347 96 2381 sub
112 2347 161 2382 tinem
176 2357 221 2383 saec.
238 2346 373 2392 V111.(†7er).
396 2348 465 2384 Homeri
477 2349 552 2389 carmina
566 2347 693 2394 elegantissime
703 2347 777 2385 uertisse
788 2346 813 2387 nli

67 2403 116 2438 citur.
139 2401 240 2451 Nominibus
253 2404 319 2449 aliquoi
327 2403 489 2446 dilheilinrilrusille
499 2403 579 2450 apposuit
587 2396 747 2444 uocales‘Graecas.
769 2401 816 2443 Idem

0 2453 12 2503 31?
67 2457 84 2489 in
100 2456 161 2491 Bibliis
176 2458 246 2502 placuit.
274 2458 331 2492 (lorica
345 2460 483 2504 antiquissimus,
503 2460 522 2493 in
533 2468 566 2504 quo
578 2456 647 2499 uocales
659 2454 735 2500 Graecae
747 2458 816 2501 conspi-

0 2511 10 2544 ts
67 2510 142 2553 ciuntur,
159 2515 188 2558 est
204 2513 257 2547 codex
271 2511 362 2557 Eplrraerni
376 2513 450 2558 (Assem.
462 2513 475 2548 1.
487 2525 504 2559 p.
515 2513 561 2558 (td),
580 2510 655 2547 Edessae
666 2513 739 2555 scrIptus
750 2520 767 2547 e.
778 2513 816 2548 861.

66 2563 86 2604 In
100 2566 130 2599 illo
147 2565 220 2602 Nomina
236 2570 308 2613 propria
323 2567 397 2612 (Assem.
413 2568 490 2612 exempla
505 2559 560 2602 affert
572 2576 592 2601 eu
604 2566 670 2609 Hosne)
681 2557 765 2609 irrstrueta
777 2569 817 2601 suut

67 2617 137 2661 Graecis¹
153 2621 237 2656 vocalium
254 2624 313 2667 signis.
336 2621 399 2657 Eadem
411 2625 456 2659 ratio
469 2624 537 2661 ormriuo
548 2621 620 2657 invaluit
632 2619 677 2666 apud
689 2619 786 2660 Maroneus
799 2623 816 2655 et

67 2673 162 2718 laconas,
182 2680 201 2709 ut
215 2679 284 2711 nomina
298 2680 363 2712 larrium
378 2679 449 2724 propria
461 2682 539 2717 eirenes
552 2676 643 2717 nonnullas
655 2675 715 2711 dubias
727 2679 744 2710 ct
755 2675 815 2711 dilici-

68 2728 121 2763 liores
132 2730 221 2764 vocalibus
233 2729 303 2766 Graecis
316 2735 399 2777 notarent,
423 2731 448 2767 br.
460 2731 526 2766 Novum
537 2731 558 2766 T.
570 2741 591 2766 eu
599 2729 678 2780 ¹editione
690 2728 814 2774 Maronitarum

69 2786 85 2816 et
95 2782 115 2817 v.
127 2782 147 2817 T.
160 2782 274 2819 Londinense.
