1786 3062
86 193 131 247 „roo

92 306 158 359 ponat.
180 290 253 357 ¹Quare
278 303 295 342 si
320 300 475 342 Plriloxeniauunr
497 312 537 340 cum
562 299 649 353 Simplici
673 301 772 350 conteras,
792 294 844 338 hace

92 372 168 424 qariienr
188 365 267 408 liberior
284 371 315 410 est
334 380 370 408 non
388 371 426 408 turn
448 367 510 407 verba
524 379 580 419 quiam
594 368 708 409 seutentiam
723 365 841 419 cuprionem,

92 438 127 478 sed
150 436 284 478 consuetudini
304 436 396 476 sermonis
414 435 492 486 Syriaci
514 434 667 487 accomodatior,
692 434 801 486 elegantior
821 433 841 472 et

92 490 192 546 intellectu
211 503 270 544 rnrrlto
288 504 373 549 facilior-3
391 502 424 541 illa
439 502 487 541 enim
503 504 541 543 tam
554 501 634 542 servilis
649 502 710 541 estin
722 511 841 554 repraesen-

93 572 151 613 tannia
172 570 243 612 Graeci
257 573 328 611 textus
345 581 391 609 vera
410 570 431 608 ct
449 569 593 609 accuratissima
612 567 689 620 effigie,
712 571 734 609 ut
753 578 840 607 seneen·
890 563 893 595 i

93 641 131 679 ties
150 639 245 689 Syriacae
262 637 342 687 linguae
360 636 418 686 leges
437 637 457 675 et
474 633 633 693 gerriunr'violet
651 636 671 674 et
690 646 741 674 novo
760 634 840 688 quodam

93 705 188 746 barbarae
206 703 285 752 liuguae
300 702 412 742 charactere
426 701 522 753 expressa
540 702 576 741 vix
590 701 674 751 intelligi
688 702 751 752 possit
763 701 800 739 nisi
815 693 841 738 ex

94 774 150 810 textu
170 770 256 819 Graeca,
277 780 331 819 quern
352 768 395 807 vult
412 770 543 820 interpretari.
570 767 634 822 Quare
649 770 704 807 recte
720 767 793 805 omnino
809 766 841 812 iu·¹

94 837 181 876 dicarunt
200 834 237 873 viri
256 834 319 885 electi,
342 834 431 873 rnaiorenr
450 845 495 883 esse
513 834 569 873 huius
586 833 682 873 versionis
702 833 802 873 utilitatem
817 830 841 872 al

93 916 134 943 reru
152 902 249 951 culticam,
269 913 323 953 quiam
342 901 366 939 al
384 900 474 940 librorum
492 914 590 941 sacrorum
611 901 753 951 expositionem
768 900 788 938 et
802 898 841 937 lin-
862 946 865 949 ψ

94 981 152 1019 guam
170 968 272 1019 Syriacam
295 966 416 1013 discendum3
440 966 510 1013 etenim
532 967 607 1006 restitui
627 967 669 1005 iere
687 967 753 1017 potest
772 976 799 1003 cx
818 976 842 1003 ea

94 1037 160 1075 tentus
178 1034 265 1074 Graecus
284 1044 349 1071 eorum
366 1032 514 1084 exemplarium,
539 1045 588 1086 quae
606 1034 695 1085 tanquam
706 1032 735 1070 sni
750 1032 842 1083 temporis

65 1087 66 1090 Ἴ
95 1101 237 1142 eorrectisoirna
252 1098 337 1138 Tlrornas
350 1101 429 1138 secutus
443 1101 480 1138 est.
508 1098 563 1138 Hanc
575 1110 623 1137 vero
637 1109 695 1137 curae
710 1090 796 1151 fideique
806 1108 843 1135 su-

60 1173 61 1177 ’
93 1166 264 1219 perabunnlantiam
289 1165 356 1204 merito
380 1165 397 1203 si
417 1165 519 1216 vituperes
537 1166 556 1217 iu
575 1164 661 1217 Tironra,
685 1166 716 1204 cst
735 1166 798 1204 tamen
818 1158 852 1202 eo

92 1232 210 1283 laudandus,
234 1231 284 1283 quod
302 1243 340 1270 non
359 1231 525 1281 diligentissimum
544 1231 616 1283 solun,
636 1230 672 1271 sed
688 1232 744 1272 etiam
757 1230 843 1284 pruden-

94 1302 132 1340 tem
151 1301 170 1339 in
188 1299 298 1338 uuiversum
318 1300 338 1339 ct
358 1298 446 1339 Graecae
464 1299 543 1349 linguae
563 1298 611 1339 satis
624 1299 705 1351 peritum
719 1299 843 1350 interpretem

40 1371 42 1375 ’
95 1373 118 1406 se
132 1366 264 1418 praestitero,
278 1365 327 1403 irlern
343 1367 385 1404 fere
399 1367 448 1404 inter
463 1365 526 1415 Syros
541 1366 559 1404 iu
574 1365 598 1402 N.
614 1365 639 1403 Τ.
651 1367 777 1420 prosecutus,
793 1362 844 1417 qrrorl

93 1432 165 1485 Aquila
187 1432 206 1470 iu
225 1429 250 1469 V.
269 1429 294 1469 Τ.
319 1431 369 1470 inter
386 1430 475 1470 ludaeos.
506 1430 560 1470 Hace
585 1433 648 1470 autern
669 1432 746 1482 versio,
769 1431 843 1472 etiamsi

93 1499 166 1538 erroris
183 1497 268 1537 convicti
288 1498 333 1536 sunt
341 1495 371 1551 ¹),
391 1499 459 1550 quiin
479 1498 541 1537 saeris
558 1498 639 1549 publicis
653 1497 689 1538 lruc
703 1499 794 1537 versione
809 1497 843 1536 la-

43 1561 45 1563 *
94 1565 168 1606 subitas
186 1563 214 1604 uti
234 1563 383 1616 contemlerunt,
400 1567 465 1607 ⁴nacta
483 1566 547 1603 tannen
567 1565 598 1603 est
614 1564 665 1604 inarari
685 1566 776 1615 exiguam
792 1565 844 1616 apud

93 1632 138 1671 illos
156 1632 224 1670 l‘anram
244 1632 265 1671 et
284 1619 428 1687 arroteritatem,
450 1632 477 1672 ita
496 1631 630 1682 utplurimum
646 1632 772 1683 transscripta
784 1633 810 1671 sit
824 1635 844 1673 et

26 1715 34 1729 v
93 1698 155 1739 variis
174 1696 293 1748 temporibus
312 1692 468 1738 alarcohitarum
486 1698 597 1737 doctoribus
612 1698 698 1738 lanciata.
726 1698 843 1738 lilerrlioucm

94 1765 137 1803 eins
156 1763 244 1813 iecerunt
236 1761 386 1801 tilaeeaus
357 1764 478 1814 lllessenus,
498 1764 553 1801 Bar·
559 1763 671 1802 Balrlnlus'
665 1775 684 1802 rn
698 1764 748 1802 Lex
761 1764 810 1815 Syr.
824 1768 844 1804 et

94 1829 209 1880 saepissime
227 1826 282 1865 Bar
289 1826 414 1866 Hebraeus'
409 1840 427 1867 nr
448 1831 541 1868 conternent
543 1830 588 1868 ariis
598 1826 625 1879 ².)
657 1828 742 1869 Publicis
763 1841 810 1868 sune
825 1831 844 1868 in

54 1940 55 1943 Ἴ
93 1895 208 1936 lectionibus
231 1904 266 1932 nee
291 1904 328 1932 uun
351 1893 370 1932 in
393 1896 532 1935 eonnnentariis
554 1907 565 1933 a
588 1892 698 1935 electoribus
717 1891 862 1936 laeenam

93 1962 171 2014 scriptis
193 1958 277 2000 arllrihita
299 1961 330 2015 est
347 1961 414 2001 versio
435 1963 523 2015 antiqua,
547 1963 600 2001 cuius
617 1963 679 2002 tannen
692 1964 798 2003 auctoritas
813 1963 844 2002 ‹li-

94 2058 221 2065 -ω

160 2113 179 2158 1)
195 2111 220 2147 Gi.
236 2112 349 2149 llisernanurn
365 2122 405 2159 pag·
421 2118 458 2152 108.
472 2118 532 2156 eontra
543 2114 568 2149 La
581 2115 658 2150 Cronium
671 2114 788 2161 disyrutanicm.
811 2116 844 2152 As-

94 2181 134 2205 soro.
150 2169 170 2203 Β.
188 2168 208 2202 0.
225 2168 245 2203 11.
258 2179 298 2215 pag,
311 2170 338 2205 24.
362 2170 449 2205 lacolritae
461 2170 546 2205 euiusriann
559 2171 614 2205 locum
628 2171 678 2205 alieri
688 2171 800 2214 Assemmrus,
816 2175 844 2218 qui

95 2225 143 2270 Syris
166 2224 251 2267 onnriirus,
274 2225 369 2267 lllelelriiis‚
390 2224 482 2266 iacebitis,
504 2224 622 2269 Nesmeimis,
642 2226 734 2261 lilaroniiis
747 2230 843 2270 versionem

95 2280 234 2315 Plrilonenianarn
247 2280 336 2323 parobalam
349 2289 387 2314 esse
399 2281 428 2314 ait.
452 2279 503 2314 Cuius
516 2291 591 2316 errorem
603 2285 664 2316 taxans
676 2281 789 2325 Assalitanus,
806 2284 844 2327 ipse

93 2337 111 2370 in
131 2335 202 2369 alterrnn
228 2334 287 2369 incidit
311 2334 421 2378 affirmando,
445 2336 492 2371 solos
513 2336 598 2372 laceratas
619 2339 716 2371 versionem
734 2336 846 2373 narranaam--

93 2402 132 2425 narn
153 2390 221 2440 prrhliec
240 2389 303 2433 legere.
326 2388 397 2422 Exstant
411 2393 468 2424 tuanen
482 2393 567 2425 versionis
580 2391 699 2425 Heracleensis
714 2392 796 2426 lectiones
811 2403 843 2437 pro

93 2444 199 2480 lrebelomarlo
215 2444 301 2489 passionis
317 2445 335 2478 in
353 2448 450 2488 penveituso
467 2449 484 2480 et
498 2446 625 2492 elegantissimo
637 2445 769 2492 Evangeliorunr
786 2448 844 2482 eoriiee

93 2499 172 2536 inlunem.
188 2498 272 2539 Barzaen,
289 2499 333 2533 unde
349 2501 600 2546 neseioanpruluaripossit,
583 2501 843 2557 tiuisseiuterrlumversio-

93 2564 131 2590 ueru
143 2555 205 2589 iiluna
200 2565 218 2589 nr
230 2553 303 2599 lrnrhlicis
315 2556 369 2590 saeris
381 2554 479 2593 arllrihitann

160 2616 242 2660 2)Rar-
247 2616 357 2653 Hebraeus
352 2629 369 2653 nn
386 2618 449 2670 horreo
465 2623 582 2666 mysteriorum
595 2620 672 2666 erenrpla
683 2619 791 2656 ularuensrs
802 2632 843 2665 pro-

94 2673 134 2707 tulit
151 2672 212 2714 ruralia,
232 2683 303 2716 (prorum
319 2678 404 2718 specimen
419 2675 466 2709 ricrlit
481 2676 661 2718 senmourmae,
678 2675 776 2719 quibuseum
787 2679 843 2710 reatus

94 2728 150 2762 editus
168 2726 243 2760 eorrierri
258 2730 275 2759 ct
291 2724 335 2762 irride
351 2729 416 2775 corrigi
432 2733 492 2776 possit,
521 2730 593 2766 Omnino
605 2733 623 2766 in
634 2734 681 2766 tortu
692 2731 777 2766 versionis
789 2730 851 2765 Char-2

94 2784 157 2817 elensis
172 2788 235 2826 anagnu
251 2783 276 2814 est
292 2781 368 2818 eoriiourn
384 2786 483 2830 diversitas,
504 2787 549 2833 quenl
565 2789 615 2821 etiam
627 2786 699 2821 Auienus
714 2790 797 2829 restatur,
814 2788 843 2831 qui

94 2839 162 2873 codices
171 2836 265 2873 Vaticanus
277 2837 353 2874 eontulit.
