1786 3062
320 555 432 599 Liber
451 552 596 599 tertius.

142 683 263 773 tenuioris
278 684 518 766 dmiaeoetimptitis
536 671 636 744 tristante
653 666 780 742 litteraria

394 854 527 861 ffl-

416 1006 507 1047 Gna-l

124 1103 272 1144 Studiorum
291 1101 488 1155 litterarumque
507 1100 571 1156 apud
591 1102 672 1155 Syros
691 1100 759 1141 ratio
779 1106 802 1141 et

378 1167 562 1218 consuetudo·

152 1273 206 1328 Qaae
223 1284 272 1312 mmo
286 1273 329 1312 fere
343 1273 399 1311 vasta
415 1274 446 1312 est
461 1274 482 1312 et
496 1273 574 1313 deserta
589 1274 641 1312 terra
654 1272 704 1312 inter
718 1271 835 1323 Euphratem

35 1357 39 1362 ²
88 1342 108 1380 et
125 1340 201 1390 'fi-grim
219 1339 291 1389 inradia,
316 1350 357 1378 eenn
375 1339 457 1378 vidimus
475 1339 556 1378 maxime
574 1339 638 1391 primis
657 1351 677 1389 p.
693 1336 738 1378 ctu.
753 1331 837 1376 saeculis

87 1400 182 1446 lionorisse.
209 1404 304 1445 Plurimae
325 1404 350 1442 itu
367 1405 388 1443 et
406 1403 563 1457 opulentissimae
576 1406 688 1445 exstructae
703 1404 839 1455 arantumes,

87 1475 193 1512 lirinissinne
208 1473 301 1521 inunitae,
320 1470 407 1510 ooloniae
421 1472 490 1522 partim
505 1471 632 1523 Graecorum,
653 1471 723 1522 partim
737 1459 846 1510 nottianoss

88 1536 169 1591 n·nnn¹]‚
190 1539 209 1576 in
228 1537 295 1589 quihus
315 1538 387 1576 mixtae
406 1538 426 1575 et
440 1540 574 1588 eorngregatae
589 1540 644 1577 erant
657 1539 722 1577 enerues
737 1529 779 1576 iere
795 1537 837 1574 ter-

88 1617 151 1643 rarum
165 1606 243 1653 garnies,
271 1603 345 1642 Etenim
359 1602 396 1644 lruo
410 1602 496 1642 ilrnmnii
510 1606 530 1643 et
542 1604 608 1648 Partlni
622 1606 727 1654 venerunt,
740 1605 761 1643 nt
773 1602 837 1642 Grae-

81 1680 155 1720 ,oorum‘
168 1666 334 1723 Romanorumque
351 1670 435 1721 lingnam
452 1672 543 1723 artesque
558 1672 664 1719 diseereni3
683 1670 714 1712 lde
725 1670 838 1710 ludaeorum

64 1760 66 1764 ν
88 1733 184 1789 nabitu,
201 1738 303 1776 Persarum
323 1737 392 1787 Magi,
410 1737 530 1776 Sabaeorum
549 1735 653 1788 Astrologi
672 1738 760 1789 antiquos
775 1743 856 1776 mores‘

88 1805 208 1845 recolebant.
239 1802 332 1842 Maxime·
345 1805 408 1842 autem
426 1802 510 1843 eeclesia
529 1801 637 1844 (linistiana
656 1804 675 1842 in
689 1804 839 1855 Mesopotamia,
860 1842 862 1844 .

89 1871 191 1911 Adiabene
208 1865 230 1911 vet
248 1869 330 1909 Perside
349 1869 427 1909 saeculo
445 1870 502 1908 tertio
517 1872 629 1922 peruagata
645 1872 686 1922 est,
705 1873 760 1910 anneta
773 1865 862 1922 potis?

88 1940 155 1992 sionna
174 1950 234 1989 opera
250 1937 357 1990 studiisque
371 1935 510 1976 nnonaelnorum.
538 1936 666 1992 lllonaolnatus
681 1938 734 1977 enim
745 1940 789 1978 ante
801 1949 838 1976 an-

87 2017 131 2046 num
145 2003 239 2045 CCCXX
252 2005 271 2044 in
285 2004 427 2055 Mesopotamia
443 2005 463 2043 et
475 2003 561 2055 Assyria
576 2005 699 2058 propagatus
712 2005 760 2044 adeo
774 2006 838 2044 statim

23 2065 25 2074 ¹
89 2072 177 2116 aeereuit
200 2073 220 2110 et
244 2070 337 2121 invaluit,
359 2072 381 2110 ot
405 2070 497 2109 eoenohia
515 2070 595 2123 plurima
616 2070 686 2125 urbique
705 2064 839 2110 ammoneretur.

88 2138 225 2178 Discurrentes
239 2136 307 2176 deinde
321 2136 407 2176 ntrornaelri
420 2150 456 2190 per
468 2138 537 2189 urbes,
552 2138 607 2177 vicos
618 2140 638 2178 et
647 2139 725 2178 deserta
737 2139 757 2176 et
767 2149 839 2189 attinent

89 2205 107 2242 in
121 2205 220 2253 regionem
232 2203 326 2253 dispersi,
345 2204 409 2253 Syros
428 2204 470 2242 iere
484 2216 550 2243 onnnnes
562 2216 598 2244 nee
611 2216 649 2243 non
663 2205 734 2251 Persas
749 2205 770 2243 et
784 2202 840 2243 Ara-

88 2269 125 2309 hes
144 2282 200 2321 qnam
218 2268 310 2320 plurimos
324 2270 348 2308 ad
362 2270 477 2319 religionem
491 2283 544 2309 suam
559 2270 697 2321 traduxerunt,
715 2270 840 2321 superstitem

89 2334 289 2375 daennonum'onltum
309 2335 431 2375 destruentes
441 2334 468 2387 ²).
492 2336 558 2377 ,Sinuri
574 2335 624 2388 qnod
638 2334 840 2376 inter‘Germanorunn
863 2371 865 2374 Α

40 2441 42 2443 ,
88 2405 160 2456 postea
179 2404 251 2457 gentes
270 2402 361 2455 evenisse
379 2402 479 2454 videmus,
500 2404 522 2442 nt
536 2402 703 2445 disseminarentur
717 2414 729 2441 a
744 2402 840 2443 intonuelris

89 2484 130 2513 eum
149 2471 186 2511 fide
203 2468 313 2511 Glnistiana
330 2467 442 2508 eruditionis
462 2469 611 2521 disciplinaeque
625 2468 684 2518 leges
698 2470 756 2522 atque
769 2483 839 2524 nitores,

154 2634 174 2678 1)
184 2632 299 2669 Rornanorum
316 2632 394 2668 eoloniao
412 2637 462 2668 erant
478 2632 562 2676 Carrhae,
577 2633 652 2676 Edessa,
667 2634 752 2677 nasonia,
768 2635 839 2679 Nisibis,

89 2690 156 2740 danda.
184 2689 209 2725 Gi.
227 2688 259 2724 Th.
275 2689 328 2734 Siglr.
343 2690 400 2734 Baper
415 2689 435 2724 de
446 2700 513 2724 nummo
529 2689 614 2730 Annidensi
629 2693 647 2726 in
663 2701 719 2735 opuse,
737 2691 775 2739 llal.
791 2696 841 2729 1770.

89 2757 130 2792 pag*
144 2747 182 2782 551.
213 2758 215 2763 ’

156 2810 177 2855 2)
189 2809 256 2845 Sozam.
269 2808 280 2842 l.
292 2806 320 2844 Vl.
332 2817 345 2843 a.
356 2810 383 2845 at.
