1786 3062
72 147 113 191 120

74 274 146 316 reapse
164 262 186 301 nt
203 258 316 311 probabile,
340 259 437 300 invectam
457 261 525 300 eodem
544 262 585 300 iere
604 261 690 312 tempore
710 259 789 311 eandem
805 258 825 298 in
882 299 883 303 ,

75 330 175 379 regionem
194 325 239 379 fidei
260 324 381 378 Christianae
397 325 561 378 praedicationem
580 328 675 379 probasse
695 337 741 365 sese
760 337 826 365 eorum
876 355 877 360 ,

50 399 51 402 ’
76 395 126 434 baud
144 393 222 445 paucis,
245 393 278 446 qni
295 404 322 432 ex
340 392 398 444 Syris
418 391 443 431 ad
459 391 547 433 Iudaicas
565 393 623 444 leges
641 393 677 431 iam
689 392 762 445 pridem
778 404 827 433 con-

77 459 131 498 uersi
149 460 211 499 erant.
220 455 246 513 ¹).
275 459 339 512 Quare
353 458 379 499 V.
393 458 419 499 T.
433 459 611 509 interpretationem
625 460 692 499 secuta
703 451 748 498 suunt
759 458 828 498 liran-

78 525 192 574 gelistarum
211 527 232 565 et
246 525 385 579 Apostolorum
401 525 473 576 scripta
488 522 571 575 Syriaca
591 536 628 564 non
643 526 701 565 multo
714 526 829 578 postquam

79 593 153 633 ornniuo
168 594 202 635 illa
217 592 259 632 orbi
274 594 367 632 terrarum
380 592 510 648 innotuerunt.
537 590 620 629 Primum
635 593 721 632 sortasse
735 591 830 631 Matthaei

38 710 40 712 ι
78 658 209 709 Euangelium
224 658 307 710 Syrisce
326 657 439 697 translatum
459 656 499 706 est,
518 666 567 707 quiae
587 645 652 697 versio
671 657 794 708 simplicitate
810 657 836 707 etl
859 697 862 701 ,
881 701 883 703 ,

79 723 116 762 lide
131 725 227 775 vpraestat
246 725 324 764 ceteris.
355 722 415 773 luatis
433 721 508 774 posteri
526 731 569 760 num
587 723 727 774 permanserint
745 723 764 762 in
782 721 831 767 reli-

79 789 139 838 gione
162 790 237 841 patris,
261 789 382 840 ‘corrupertum
403 799 441 826 non
463 785 566 834 lrabemus;
596 786 747 828 Christianorum
769 787 831 827 tradi-

78 853 163 895 tionibus
186 856 204 895 si
226 855 272 906 qnid
288 854 325 893 bac
347 854 367 892 in
385 865 406 892 re
425 852 601 906 tribuendum-esi,
621 853 712 895 videntur
725 852 758 894 ilii
772 853 832 894 dese·
889 849 892 897 s

60 920 143 968 ‚ruisse
167 921 252 973 spretam
271 919 385 972 ludaeorum
409 921 453 958 siue
472 918 623 958 Christianorum
647 919 716 971 iidem.⁴
738 919 767 960 all
785 931 833 959 vero
890 931 893 934 r

81 986 162 1026 saeculo
180 984 264 1026 secundo
278 985 338 1023 luatis
355 996 454 1036 pronepos
468 983 560 1035 Mearm,
577 983 642 1024 Maeni
656 986 717 1037 lilius,
736 984 833 1026 Clrristia-

82 1062 117 1090 nus
132 1051 169 1092 fuit
183 1053 203 1092 et
212 1050 291 1091 Traiani
306 1052 343 1090 iam
356 1051 444 1103 tempore
459 1061 497 1089 non
511 1049 573 1090 selum
587 1050 674 1090 Edessae
683 1048 714 1105 ²),
729 1052 834 1092 sedetiam

83 1118 102 1155 in
114 1118 159 1157 aliis
174 1118 327 1168 Mesopotamiae
342 1117 418 1167 oppidis
432 1112 529 1172 martyres
542 1117 591 1154 salis
604 1116 658 1157 multi
672 1118 801 1173 exstiterunt,
818 1118 835 1156 si
891 1149 892 1153 ,

83 1183 210 1221 llonmnorum
225 1181 371 1232 martyrologiis
384 1180 440 1220 iidem
454 1178 552 1221 habueris.
581 1180 645 1235 Quare
658 1175 736 1223 saeculo
748 1184 785 1222 iam
799 1195 835 1222 se-
892 1219 893 1227 ,

83 1248 144 1288 cumin
157 1251 247 1300 putamus
261 1248 281 1287 in
293 1247 414 1297 Mygdonia,
435 1245 537 1296 Arimara,
551 1246 652 1287 Adiabene
667 1250 687 1286 et
702 1249 721 1286 in
734 1249 781 1287 urbe
795 1249 837 1288 Se-

83 1311 147 1353 leucia
160 1313 253 1365 ecclesias
269 1312 389 1353 christianas
400 1311 472 1363 inisse,
492 1312 523 1363 qni
532 1312 636 1351 bibliorum
649 1313 740 1353 versione
754 1312 838 1364 Syriaca

82 1380 189 1418 uterentur.
218 1370 291 1433 Quibus
301 1380 320 1417 in
332 1378 412 1417 urbibus
424 1378 492 1426 lingua
506 1376 581 1416 Graeca
596 1377 671 1428 viguit,
686 1378 748 1418 Biblia
762 1379 837 1419 Graece

83 1443 200 1494 legebantur
220 1455 283 1496 neque
301 1442 406 1483 reiieienda
423 1454 505 1495 prorsus
523 1444 600 1484 videtur
618 1444 696 1484 traditio
715 1457 774 1496 snpra
788 1458 837 1497 pro-

85 1508 136 1561 lata,
157 1512 181 1551 ad
199 1508 302 1562 Ephraemi
321 1520 383 1562 usque
400 1511 488 1560 tempora
508 1508 533 1548 V.
552 1510 578 1549 T.
591 1510 688 1550 Hebraico
707 1510 778 1551 lectum
794 1523 839 1551 esse

85 1575 181 1617 Edessae.
212 1575 273 1615 Erant
294 1575 343 1613 enim
366 1574 561 1614 fortasselldessae
578 1577 697 1629 interpretes
716 1588 743 1617 ex
762 1576 839 1618 ludaeis

87 1641 173 1693 oriundi,
197 1641 230 1693 qui
249 1642 268 1680 in
287 1640 389 1691 Syriacam
411 1641 497 1690 linguam
521 1642 626 1681 transferre
644 1644 742 1693 potuerint
760 1637 840 1696 perico-

86 1718 124 1758 pas
148 1706 265 1747 Hebraicasr
285 1704 401 1757 ¹,llplrraemi
425 1706 498 1745 demum
520 1708 607 1759 tempore
629 1708 674 1748 data
698 1721 748 1761 pace
774 1711 841 1751 eccle-

88 1773 141 1825 siae,
165 1774 184 1812 in
203 1771 280 1826 plebem
298 1773 362 1822 magis
379 1774 400 1812 et
418 1772 537 1812 suburbanos
556 1774 650 1827 vicosque
661 1772 681 1828 ³]
699 1778 756 1829 atque
770 1777 789 1815 in
804 1778 842 1817 de·
884 1783 886 1795 ’

52 1841 54 1844 ’
75 1839 144 1878 ”serta
158 1838 313 1896 Mesopotamiae
331 1837 379 1876 fides
396 1836 505 1878 Christiana
522 1839 601 1880 inuecta
620 1841 663 1890 ’θείς
683 1844 740 1896 atque
752 1842 842 1895 Epimac-

89 1915 131 1943 unus
149 1905 204 1958 ipse,
225 1903 258 1957 qni
277 1902 339 1943 Nisibi
357 1903 447 1943 oriundus
464 1906 518 1956 erat,
536 1907 596 1946 matre
612 1909 657 1948 nata
671 1909 690 1948 in
705 1909 753 1949 urbe
765 1908 842 1961 Aranda,

158 2099 177 2146 1)
190 2099 234 2140 Quid
250 2100 271 2135 de
283 2099 377 2136 Tlraaldaeo
388 2101 470 2144 iudicem,
486 2104 550 2137 nescio.
573 2102 606 2138 Vir
618 2105 714 2148 spernenda
726 2109 751 2141 est
762 2108 846 2141 unanimis

92 2153 135 2186 baec
145 2153 226 2199 Syrorum
238 2159 255 2190 et
266 2155 384 2191 Armeniorum
400 2156 482 2199 traditio,
503 2157 621 2192 irretiebaris
638 2157 732 2193 submersa¹
758 2159 811 2195 Unum
826 2172 847 2196 ex
881 2199 885 2202 ,

93 2205 141 2240 LXX
152 2208 239 2254 discipulis
251 2209 269 2242 in
280 2208 423 2255 Mesopotamiam
436 2212 512 2253 uertisse,
524 2222 559 2246 non
571 2212 684 2256 improbabile
700 2218 731 2249 est.
754 2214 847 2251 Eleazarus

95 2258 183 2295 Galilaens
199 2264 220 2298 ab
234 2262 307 2307 losepbo
319 2267 337 2299 iu
349 2268 386 2300 rita
395 2266 447 2301 lzatis
459 2270 561 2301 memoratus
574 2265 680 2302 Glrristianns
691 2267 752 2303 haberi
769 2281 805 2305 non
815 2282 847 2315 po-

94 2317 133 2349 test.
156 2314 181 2360 De
197 2316 291 2352 Taaneaeo
302 2322 391 2363 narratio,
411 2330 454 2365 quae
471 2323 532 2356 ceteris
544 2321 601 2355 differt
611 2322 728 2365 simplicitate,
745 2324 808 2368 legitur
820 2336 848 2371 ap.

31 2377 32 2380 ¹
44 2368 47 2371 '
95 2368 206 2404 Assemannm
217 2372 265 2406 uon,
276 2371 305 2407 IV.
317 2384 333 2417 p.
346 2373 375 2408 ix.
389 2384 409 2408 ex
420 2374 521 2420 lllenologio
532 2380 592 2411 sumta.
614 2375 673 2410 ibide
685 2375 774 2412 Tlrarldaei
785 2385 849 2426 marty-

81 2470 86 2474 ,.
96 2424 123 2457 rio
135 2424 163 2470 nil
170 2425 244 2470 legitur,
257 2426 287 2461 sed
299 2426 360 2461 dicitur
372 2430 401 2463 ille
413 2432 501 2471 seuerisse,
516 2434 606 2474 postquam
618 2429 762 2473 Mesopotamiam
772 2433 850 2471 docuerit

98 2481 114 2511 et
126 2488 157 2522 per
168 2479 370 2527 agriacumnisoipulum
381 2485 432 2517 etiam
442 2485 545 2518 remotiores
558 2485 639 2527 regloues
652 2488 761 2523 corruerterit.

163 2543 183 2588 2)
194 2543 270 2594 Edessae
282 2547 371 2590 opiscopus
379 2545 488 2581 Barsimaens
499 2550 564 2590 martyr
572 2546 636 2589 iactus,
649 2559 699 2593 quum
707 2549 770 2586 Lucius
779 2552 850 2587 Traiani

98 2597 166 2685 ppgatps
179 2597 264 2633 Edessam
278 2599 334 2633 inacta
349 2600 382 2635 iiie
397 2604 509 2645 expugnaret·
531 2599 595 2635 Assem.
611 2600 640 2637 lll.
655 2607 672 2639 2,
683 2614 723 2650 pag,
735 2609 763 2642 38.
774 2610 803 2643 (ie.
825 2607 852 2641 (ii.

114 2652 131 2685 io
157 2654 245 2694 .68,21,

165 2716 185 2760 3)
201 2713 326 2750 Edessenornm
349 2716 426 2759 plerique
444 2714 535 2759 prraenii
554 2721 629 2764 ternpore
650 2722 731 2758 idolatria
746 2722 853 2759 tenebantur.

57 2811 59 2813 ,
100 2770 126 2805 Gi.
139 2772 175 2806 eius
187 2773 239 2807 uitam
251 2770 295 2815 apud
307 2769 445 2806 Assernanunr'et
456 2770 575 2816 Lengerlrium.
