1786 3062
75 153 116 196 tet

78 266 121 308 aliis
140 265 208 308 Mosis·
220 265 301 306 historia
320 267 438 308 concilianda
459 280 500 307 eum
515 268 538 307 iis
554 278 602 319 quae
618 265 699 306 Romani
715 257 739 306 ale
753 265 825 306 Arme·

78 335 110 375 ruia
124 331 256 384 narraverint5
275 334 300 373 ad
313 333 416 388 Ioseplrum
429 333 639 387 fidosquescriptores
653 333 753 378 redeamus
762 331 788 386 ¹).
879 321 892 326 M

142 400 245 449 Regnavit
261 401 322 451 igitur
340 400 405 443 luates
422 400 505 453 loseplro
524 403 576 441 teste
589 402 608 439 in
623 399 735 450 Adiabene,
754 399 795 439 Aru

78 459 246 505 intitulationes.
260 467 377 519 Gurdyaene
391 471 411 507 et
422 469 503 518 regione
517 468 620 519 Nisibena‚
636 477 684 518 quae
699 467 719 504 et
730 466 773 516 ipsa
784 464 838 504 olinr'

77 542 124 582 pars
139 531 204 571 inierat
216 519 327 573 Arrrreniae.
355 531 453 585 Abiam²)
470 544 538 583 regem
555 532 640 572 Arabum
655 532 713 581 vicit,
732 542 828 581 perseeu—

78 597 110 636 tus
127 609 170 638 eum
188 598 211 636 ad
231 601 295 648 castra
314 611 375 651 usquo
387 599 464 639 Arsami
481 599 494 638 i.
514 611 533 639 e.
549 598 687 647 Arsamosata,
710 596 776 634 urbem
791 607 828 634 non

25 672 27 677 ’
78 662 156 702 nrrrlturn
175 663 198 702 ab
213 662 311 714 Euphrate
330 665 444 716 distantem,
467 665 555 704 Edessae
573 675 583 703 e
602 661 749 714 septentrionali
765 662 827 713 sitam,
891 659 893 703 J

81 739 105 766 ea
118 729 162 780 ipsa
176 729 195 766 in
211 729 303 781 regione,
314 731 333 768 in
348 741 403 781 quam
417 729 495 768 Arabes
508 730 551 768 olim
567 729 645 769 colonos
658 728 741 767 durnerat
753 728 829 777 Tigra-
883 712 893 724 ι

79 803 122 832 nes.
150 792 235 843 Regiani
254 793 315 843 igitur
333 796 382 834 satis
403 795 477 846 amplae
496 797 587 847 praeerat
603 794 678 846 mares,
696 804 746 846 quae
759 791 829 833 Meso·

79 857 176 908 potamiae
194 870 241 909 pars
258 861 377 901 nobilissima
396 864 427 902 est
446 856 504 918 atque
521 862 540 900 in
558 861 616 900 totius
634 860 691 910 regni
707 860 747 897 eius
762 859 829 899 [inibus
892 884 893 892 1

80 923 165 974 Syriaca
180 924 250 974 lingua
267 928 345 979 proprie
362 930 382 968 et
400 928 504 981 antiquitus
519 923 580 967 locum
595 925 667 967 habuit.
696 926 832 968 martuusest

80 988 146 1031 mares
168 990 272 1041 Vologese
293 994 370 1041 Parthis
393 996 505 1046 imperante.
543 993 657 1042 Vologeses
677 993 752 1031 Pacoro
775 992 830 1032 tratri

81 1056 165 1095 Medlam
183 1056 286 1110 minorem,
310 1072 321 1099 a
339 1060 429 1099 Vardane
447 1062 533 1111 captam,
556 1061 576 1103 et
590 1058 672 1096 Tiridati
689 1058 743 1096 fratri
758 1056 832 1097 Arme-¹

81 1122 130 1160 niam
148 1121 283 1175 distribuerat,
301 1126 328 1164 ita
342 1127 363 1165 ut
377 1125 478 1165 Adiabene
492 1128 530 1165 tum
544 1126 656 1174 cingeretur
672 1123 732 1163 tribus
749 1123 831 1169 Arsaci-
889 1117 891 1121 ’

81 1187 147 1226 darum
164 1188 239 1237 regnis.
267 1189 316 1229 lnati
335 1193 430 1231 successit
447 1191 567 1231 Monobazus
586 1191 657 1240 irater,
677 1190 729 1228 cuius
747 1192 831 1230 utentio-

66 1244 122 1291 'nem
136 1253 209 1292 faciunt
217 1252 346 1295 Romanorum
361 1269 436 1310 qnoque
448 1258 562 1309 scriptores.
590 1255 703 1304 Vologeses
716 1257 764 1294 enim
775 1270 831 1309 quum

80 1318 189 1359 Armeniam
205 1319 322 1374 invasisseq
344 1323 450 1363 Tiridatem
468 1335 536 1373 regem
554 1323 689 1373 impositurus,
708 1321 760 1360 Nero
780 1320 832 1362 dor-

81 1384 169 1425 bulonem
189 1386 240 1427 nrlsit
256 1387 281 1427 arl
297 1388 407 1428 Armeniam
426 1390 499 1441 partam
519 1389 562 1427 olim
581 1388 687 1427 aLueullo
708 1390 727 1427 ot
740 1388 832 1440 Ponrpeio
866 1412 867 1415 =

80 1452 235 1506 recooperandum
247 1456 267 1494 et
282 1454 388 1505 Tigranem
407 1467 475 1505 regem
490 1454 649 1494 constituendum.
677 1453 775 1501 Tigranes
790 1456 833 1504 pri-

22 1524 29 1575 s
81 1530 130 1557 mum
149 1518 253 1571 populatur
272 1519 402 1569 Adiabenorum
420 1520 455 1559 sed
468 1519 588 1560 Monobazus
603 1530 641 1557 rex
656 1516 799 1560 Adiabenorum
813 1521 833 1560 et

150 1680 169 1722 1)
185 1681 231 1715 Haeo
247 1680 283 1716 sere
297 1681 350 1716 tradit
365 1680 424 1716 Moses
440 1681 460 1715 de
471 1680 536 1723 Abgari
547 1674 671 1714 sucessoribus.
693 1678 772 1725 Abgarum
785 1679 830 1716 Clari-

82 1736 155 1769 stianam
172 1735 222 1771 fidem
233 1736 321 1781 professus
335 1736 452 1780 duodeviginti
463 1745 517 1768 annos
529 1737 613 1778 regnavit.
637 1734 672 1771 Quo
684 1739 751 1768 mortuo
764 1745 834 1779 regnum

33 1790 39 1799 ¹
82 1789 125 1823 duas
140 1793 158 1824 in
173 1785 232 1834 partes
248 1791 319 1825 ‹liuisum
335 1795 371 1832 est,
393 1790 453 1824 Arrano
467 1789 503 1822 tilio
520 1790 627 1834 imperitante
638 1786 723 1831 Edessae,
739 1788 833 1827 senatuum

34 1843 37 1844 ⁷
81 1852 124 1878 reno
140 1846 207 1880 sonoris
222 1844 257 1880 lilio
269 1845 349 1880 Armenia
363 1847 424 1890 potito
451 1843 525 1890 Uterque
537 1844 589 1878 'tidem
606 1843 719 1878 Glrristianaur
736 1839 833 1891 ablegavit

82 1898 260 1942 autumnitanorum,
278 1900 367 1935 Thaddaei
381 1900 480 1943 discipulum
496 1899 558 1934 occidit
576 1899 667 1942 clausaque
685 1899 755 1932 deornm
771 1901 849 1943 templa'

83 1956 160 1996 aperuit3
182 1954 285 1987 Sunarruces
302 1955 356 1997 primo
368 1953 416 1987 tidem
429 1956 445 1987 et
454 1954 490 1996 ipse
502 1953 588 1997 amplexus
600 1952 717 1987 Armeniorum
730 1956 833 1998 magnatium

81 1998 127 2042 metu
139 2019 179 2043 mor
190 2018 228 2043 earn
242 2007 323 2042 deseruit.
346 2006 399 2046 Quum
413 2007 473 2042 detrude
484 2006 587 2043 Surratruces
600 2006 639 2041 liliis
652 2006 718 2053 Abgari
729 2008 791 2042 bellum
802 2019 834 2053 pru-

82 2066 138 2105 taret,
159 2064 229 2099 Amanus
245 2067 321 2097 mortuus
339 2065 374 2107 est,
394 2061 477 2101 Edesseni
494 2066 550 2096 autem
562 2062 652 2096 Sanatruci
664 2071 683 2096 sc
694 2061 802 2096 tradiderunt
814 2065 835 2097 eo'

73 2118 189 2169 1conditione¹
205 2127 226 2151 ne
239 2126 250 2150 a
260 2116 293 2151 fide
305 2115 403 2150 Christiana
414 2127 444 2150 eos
455 2116 559 2153 traduceret,
582 2117 616 2151 Sed
627 2116 694 2161 Abgari
706 2118 775 2160 stirpem
787 2117 833 2162 ferro

82 2172 151 2206 sustulit
159 2172 271 2212 Sanatrnees‚
283 2170 358 2205 Helenae
370 2173 435 2214 primae
447 2171 539 2215 erbbgari
550 2171 632 2205 uxoribus
642 2170 778 2215 Mesopotamiae
787 2173 834 2216 prm-

83 2220 141 2270 cipatir
156 2228 246 2268 permisso.
272 2224 337 2258 Helena
351 2226 399 2259 iussa
415 2229 433 2259 ut
446 2224 516 2260 Carrhis
532 2228 577 2261 inter
592 2225 668 2260 ethnicos
680 2225 776 2268 babitaret,
793 2225 833 2260 ilie-

52 2310 53 2313 ,
82 2279 170 2324 rosolyma
185 2279 302 2323 commigravit
314 2278 385 2314 Claudio
400 2284 493 2324 regnante,
514 2292 547 2326 qna
564 2284 581 2315 in
592 2282 635 2316 urbe
646 2282 714 2324 insigne
727 2282 764 2314 eius
775 2290 834 2315 morm—

82 2339 156 2371 rnontum
170 2336 231 2368 exstat.
258 2333 369 2374 Sarratruces,
390 2336 438 2367 cuius
454 2335 490 2367 tilia
506 2335 527 2367 ob
544 2335 593 2368 fidem
606 2335 726 2367 Glrrtsttanam'
736 2336 834 2376 rroartyrium

82 2390 157 2425 subiisse
173 2389 237 2428 fertur,
258 2385 423 2430 magnificentissime
440 2385 508 2421 Nisibin
525 2389 608 2421 exstruxit
620 2391 636 2421 et
647 2387 709 2430 duplici
721 2396 768 2419 muro
781 2390 835 2422 mnni-

81 2446 116 2487 rit‚
128 2444 220 2478 ecrrsumtis
232 2450 269 2475 eum
280 2443 298 2474 in
309 2440 358 2474 linem
371 2440 448 2474 omnibns
460 2442 495 2474 suis
506 2440 597 2475 thesauris.
619 2439 660 2474 Eius
672 2450 761 2475 successor
768 2439 834 2476 Eruan-

82 2499 112 2533 dns
123 2497 266 2543 Mesopotamiam
283 2496 367 2529 correessit
378 2493 459 2528 Romanis
470 2495 576 2538 Vespasiano
589 2499 606 2528 et
617 2495 657 2529 Tito
670 2495 801 2539 inperantibus,
815 2507 834 2531 er

82 2563 116 2598 quo
131 2556 253 2596 procuratores
265 2550 337 2585 bornam
348 2547 424 2582 Edessae
440 2550 509 2583 aeraria
526 2553 635 2591 statuerunt,=
647 2559 690 2595 quae
706 2548 798 2595 uectigalia
815 2558 835 2587 eri

76 2598 171 2647 Armenia,
191 2605 318 2650 Mesopotamia
334 2608 351 2639 et
361 2603 434 2649 Assyria
449 2606 508 2638 coacta
520 2606 622 2650 exciperent.
644 2603 734 2640 Eruandus
745 2610 835 2653 postquam

80 2663 98 2698 in
110 2660 202 2697 Armeniae
214 2663 272 2705 partes
284 2664 367 2695 extremas
378 2670 397 2695 se
409 2660 483 2704 recepit,
499 2657 643 2695 Eruandocertam
656 2661 736 2696 condidit.
781 2678 783 2683 ν

125 2720 132 2739 “·
147 2724 167 2770 2)
179 2724 222 2759 Num
238 2723 291 2758 Abias
306 2724 336 2758 ille
353 2724 397 2759 idom
409 2723 461 2759 luerit
472 2724 500 2768 qni
512 2724 602 2769 abgarus,
619 2737 649 2761 rar
660 2725 735 2761 Arabum
746 2730 799 2770 supra
810 2727 836 2762 ui-

82 2784 127 2823 ctus,
141 2780 182 2817 milri
194 2790 228 2815 non
239 2781 311 2813 constat.
