1786 3062
63 231 126 284 (Quare
146 228 192 269 licet
211 231 283 278 erroris
300 232 394 280 argarendi
408 233 446 272 sint
460 232 585 273 Eiclrbornius
599 231 682 285 aliique,
703 231 815 285 quirinae-

1 316 2 319 *
63 309 97 337 cae
114 295 194 346 linguae
213 298 250 336 tarn
270 298 355 337 crebrum
366 293 394 338 ¹et
408 300 510 350 vulgarem
527 310 579 338 nsum
597 298 686 339 Edessae
700 298 815 351 tribuerunt,

63 366 84 403 ut
100 362 175 403 Graece
190 364 233 401 libri
247 364 297 401 sacri
311 363 382 415 populo
397 367 476 406 recitari
486 365 599 416 potuerint,
617 359 688 415 negari
701 366 816 406 tamennon

62 430 140 487 potest,
153 427 229 467 inirritanr
240 427 327 469 Graecae
340 431 419 480 linguae
433 431 468 471 illa
483 432 502 470 in
515 429 562 470 urbe
577 433 732 471 consuetudinem
745 432 815 470 fuisse.

62 496 144 547 Syriaca
162 494 236 552 quidem
255 488 330 545 lingua
343 497 394 549 aprrd
412 496 502 537 tornines*
512 495 608 545 vulgares
624 498 666 537 sola
681 497 814 550 adhibebatur,

61 563 171 614 inquorum
187 574 240 600 nsum
256 561 375 614 prraennrs
391 564 474 619 carmina
484 562 568 613 Syriaca
582 564 667 614 scripsit.
696 561 816 614 Ephraerurrs
869 586 870 591 ι

60 629 104 679 ipse
123 628 210 669 Graecae
230 627 308 678 linguae
329 630 410 679 ignarus
428 630 474 677 tuitr
500 628 541 668 sed.
554 628 596 669 eius
616 628 703 682 aequalis
719 628 816 668 Eusebius

3 692 4 699 ’
61 694 166 737 Emesenns
188 694 248 734 nobili
268 695 312 734 loco
330 695 419 736 Edessae
437 697 494 737 natus
514 697 572 747 atque
589 696 608 736 in
624 695 696 737 scholis
715 693 816 742 elementis

1 806 4 821 J
61 762 139 813 priunum
159 774 255 802 sacrarum
272 761 379 801 litterarum
396 763 493 813 irnbntns,'
513 762 581 801 deinde
602 758 626 803 aot
642 760 736 812 Ἑλλήνωι
750 762 817 802 didicit
867 782 872 786 ²

60 824 113 880 παρὰ
131 832 160 882 τῷ
176 829 279 885 spalmeta
296 826 317 869 ἐν
332 831 354 883 τῇ
368 825 435 884 Ἐδέσῃ
449 827 589 879 ἐπιδημήσαντι
602 829 695 885 παιδεύτῃ
710 826 816 879 (Socrates

3 943 4 948 Ἰ
60 895 106 934 bist.
121 895 169 934 eccl.
182 894 197 934 l.
206 894 229 934 ll.
245 907 261 934 c.
273 891 316 947 n),
330 895 360 934 cui
374 894 435 934 simile
450 895 494 948 quid
508 892 604 945 losepbus
619 893 702 934 iudaeus
717 896 782 934 narrat
792 895 816 934 de

1 951 4 972 ⁴³
60 973 82 1001 se
105 962 155 1013 ipso.
187 961 248 1001 Erant
268 960 329 1010 igitur
347 961 463 1002 Graecarum
485 962 591 1002 litterarum
610 961 816 1011 irregistri‘Edessaffi

3 1080 4 1083 Ἴ
60 1030 79 1067 in
99 1028 178 1067 nunnnis
196 1028 216 1067 et
235 1027 390 1078 inscriptionibus
405 1041 429 1068 ea
444 1029 511 1079 lingua
525 1025 638 1075 utebanturs
661 1027 716 1081 Quae
729 1028 814 1078 Syriaoe
842 1047 845 1056 =

3 1092 5 1136 ἶ
60 1095 204 1146 scribebantur,
225 1105 272 1132 innox
295 1094 423 1135 vertebantur
447 1096 466 1135 in
490 1106 596 1135 sermonem
616 1093 722 1146 Graecum,
750 1095 772 1134 nt
791 1093 816 1134 de

2 1187 5 1215 ,²
60 1162 177 1202 bardesanis
194 1160 249 1201 libris
264 1160 326 1199 refert
337 1159 412 1201 ”Moses
431 1160 525 1212 (lironem,
543 1155 605 1213 neque
620 1161 681 1200 minus
696 1161 816 1201 Graecorum

60 1229 103 1268 lihri
120 1228 156 1268 bac
175 1227 294 1280 potissimum
312 1228 332 1266 in
350 1229 398 1267 urbe
414 1228 462 1268 faeti
475 1228 520 1267 sunt
533 1227 591 1279 Syris
606 1239 715 1268 corunnunes
731 1229 751 1268 et
764 1239 816 1280 pro-

2 1301 5 1323 i
59 1296 103 1346 prii.
131 1294 172 1335 Sed
187 1297 208 1334 et
221 1295 265 1345 ipsa
279 1292 362 1344 Syriaca
377 1294 456 1346 lingua,
473 1284 555 1348 quaein
569 1294 679 1333 universum
692 1291 765 1348 litteris
778 1294 822 1333 uui>

0 1360 2 1390 l
60 1375 96 1400 nus
119 1361 245 1408 excolebatur
264 1361 284 1398 et
302 1372 372 1409 magna
394 1360 519 1400 dialectornnr
536 1362 633 1400 varietate
653 1361 674 1399 er
691 1360 815 1412 corruptione

1 1435 2 1438 ’
60 1429 172 1478 laborabat,
193 1426 281 1465 Edessae
300 1425 323 1465 ad
338 1438 420 1465 normam
435 1427 573 1476 grarrrrnaticae
590 1425 747 1476 restringebatur
762 1426 816 1465 etin

0 1492 3 1516 :
61 1494 132 1534 scholis
148 1493 283 1533 exercebatur.
310 1493 365 1531 Hanc
384 1495 403 1531 iu
422 1493 488 1530 urbem
508 1483 627 1543 delegarunt
643 1492 710 1543 patres
726 1503 753 1530 ex
765 1491 815 1532 loeis

60 1561 129 1599 vicinis
147 1559 208 1609 iiiios,
232 1560 254 1597 ut
267 1558 347 1607 regulas
366 1558 446 1609 linguae
461 1557 557 1597 discerent
567 1555 599 1612 1);
618 1557 645 1597 ibi
657 1557 723 1598 Persis
736 1568 815 1610 quoqne

62 1626 128 1667 schola
140 1628 183 1665 erat
192 1621 222 1679 ²),
242 1625 310 1677 inqua
324 1624 418 1675 Syrorum
433 1625 503 1664 litteris
517 1624 662 1674 iuabuebautum
679 1635 737 1674 quum
749 1626 815 1674 magni

61 1691 230 1746 iacerent-Persae
241 1690 334 1742 Syrorum
346 1689 431 1740 linguam
446 1690 613 1742 profundissimam
623 1686 752 1745 [Epiphanius
761 1689 815 1729 lraer.

61 1758 109 1810 eda.
136 1757 204 1810 ltarpre
218 1756 289 1798 scholis
299 1757 325 1796 et
333 1756 432 1806 rrragistris
442 1756 516 1797 omnino
525 1754 634 1796 abundasse
644 1754 722 1796 videtur
730 1753 814 1807 Edessa,

2 1819 4 1823 ⁸
61 1837 108 1876 prae
136 1824 206 1863 ceteris
226 1823 284 1861 sedes
302 1822 408 1860 litterarum
425 1821 502 1874 babila,
527 1823 615 1875 quamvis
628 1822 674 1875 eius
695 1822 769 1861 incolae
790 1822 823 1860 ab·

4 1896 6 1909 ³
61 1890 187 1931 Antioclrenis
202 1902 238 1941 pro
253 1886 394 1928 'semibarbaris
412 1887 474 1928 babiti
493 1888 542 1940 sint,
565 1892 588 1928 nt
603 1886 674 1928 Graeci
690 1888 763 1927 onrnino
779 1886 816 1926 sibi

5 1962 7 1996 J
61 1952 108 1997 solis
127 1968 194 1997 nerum
209 1955 315 1994 litterarum
332 1956 410 2005 gustum
424 1954 590 2005 urbanitatemque
605 1953 704 1992 vindicare
718 1952 814 1992 solebant.

3 2027 6 2050 ²
60 2024 148 2064 Edessae
170 2022 276 2062 litterarum
299 2021 387 2074 peritiam
410 2020 495 2073 plurimis
518 2019 615 2072 propriam
639 2017 713 2071 fuisse,
733 2018 816 2071 apparet
843 2056 848 2063 ,,

61 2092 117 2131 etiam
136 2103 161 2129 ex
179 2090 259 2129 historia
278 2089 411 2142 Protogenis,
433 2086 547 2138 presbyteri
565 2086 676 2136 Edesseni,
696 2085 730 2138 qni
745 2097 757 2124 a
771 2084 816 2123 Va-

60 2157 113 2197 lente
131 2158 150 2195 in
163 2155 228 2194 urbem
244 2154 346 2195 Antinoum
360 2153 462 2203 relegatus
477 2153 578 2193 confestim
595 2152 621 2192 ibi
636 2153 770 2192 διδασκαλεῖον
784 2153 817 2192 aet

62 2266 188 2274 -Μ

4 2379 6 2384 ι
129 2352 147 2396 1)
159 2351 196 2386 Act.
212 2352 256 2386 Boii
268 2350 304 2386 llll,
320 2350 356 2385 Ian.
368 2352 386 2385 in
398 2341 437 2386 una
445 2346 538 2388 Alexandri
548 2345 661 2382 Acoemetae:
677 2344 766 2389 „Ereetae
777 2348 817 2380 sunt

62 2407 80 2440 in
96 2416 117 2441 en
131 2408 173 2441 urbe
190 2409 224 2441 iarn
241 2407 281 2441 olim
298 2406 355 2441 dinino
371 2409 413 2441 rantra
427 2407 497 2450 lirrgnee
511 2402 593 2448 Syriacae
611 2395 710 2436 solrnlae'in
721 2400 816 2435 vicinarum

3 2468 6 2500 ἐ
63 2462 148 2510 civitatum
160 2461 269 2498 commodum.
293 2459 335 2496 Nam
346 2462 380 2496 viri
390 2462 476 2506 principes
489 2462 540 2504 atqne
551 2457 582 2492 alii
593 2456 687 2501 locupletes
698 2456 764 2491 liberos
777 2465 817 2490 snos
880 2468 881 2471 ¹

6 2544 16 2561 a
63 2526 83 2550 eo
98 2520 210 2554 institutionis
226 2518 283 2562 grana
298 2516 398 2561 ablegarrt.“
421 2514 477 2554 Quare
494 2524 529 2548 nou
545 2515 571 2547 est
581 2510 705 2546 nen-Atriam
723 2510 817 2545 andiendus

3 2581 5 2590 ³
62 2572 80 2604 in
92 2582 112 2607 eo
125 2573 170 2619 quod
182 2572 294 2618 Ephraennnu
308 2569 439 2610 brriusyscbolae
455 2566 562 2603 inrrdatorem
578 2567 628 2609 lacit,
648 2567 709 2602 etenim
726 2563 818 2611 Ephraemi

6 2649 7 2652 =
62 2628 139 2672 ternpore
150 2630 180 2675 (ci.
194 2631 230 2664 eins
241 2630 293 2664 uitam
304 2626 369 2661 Assem.
381 2626 395 2661 l.
405 2636 445 2672 pag.
456 2623 493 2668 35.)
504 2625 539 2659 iam
551 2624 660 2670 frequentata
672 2625 715 2657 erat.

5 2736 8 2760 3
129 2717 149 2761 2)
166 2718 191 2754 Gi.
205 2718 294 2753 Assernani
309 2716 322 2752 1.
338 2726 355 2760 p·
371 2717 409 2752 204.
426 2727 443 2760 p.
455 2696 683 2758 351.-epist01a²syneoms
697 2712 749 2756 episc¹
760 2708 819 2744 Belb-

62 2767 165 2805 rlrsanrenis
188 2773 281 2810 itiseman.
292 2773 303 2808 l.
316 2782 330 2806 o.
342 2781 382 2815 pag.
395 2775 427 2808 119
438 2772 474 2805 not.
484 2768 501 2804 l.
512 2765 577 2803 besem.
588 2768 623 2809 lii,
637 2772 654 2804 2.
668 2776 708 2811 pag.
720 2765 758 2802 924.
770 2774 797 2808 sq.

622 2821 657 2863 6*
