1786 3062
94 141 122 184 36

98 254 211 307 scripturam
227 249 353 291 intercedunt.
381 248 431 290 Sunt
446 252 527 292 maxime
543 254 657 305 conspicuae
673 253 691 291 in
706 263 742 291 usu
758 251 846 303 particu-

98 322 169 372 larum,
186 317 327 371 pronominum,
345 316 508 370 coniunctionum,
527 320 545 358 in
562 319 697 370 coniugatione
713 318 769 358 uerbi
782 317 848 369 Aphei
892 323 893 326 ’

99 390 119 428 et
133 388 151 425 in
165 383 284 437 participio·
339 385 341 389 '

163 471 203 510 lam
216 481 265 510 vero
279 469 315 508 hao
329 469 353 507 de
366 480 388 507 re
403 467 535 517 discrepantes
549 469 636 507 videmus
651 469 735 508 virorum
751 467 849 507 doctorum

101 538 214 578 sententias.
243 534 303 588 erum
320 535 367 574 enim
381 532 610 584 prioribustemporibus
624 547 683 587 snpra
699 535 773 575 modurn
787 545 850 583 nunge-

102 606 156 645 retnr
171 603 275 643 diuersitas
290 601 367 652 Syriaci
382 601 402 639 et
415 597 513 640 Chaldaici
526 601 670 651 ser·rnoniS,2.ita
679 603 745 640 utnon
755 601 851 641 dialecto-

103 684 143 711 rum
167 669 203 709 sed
225 668 333 717 linguarum
355 666 397 704 fere
416 665 530 705 varietatem
548 667 725 718 statuerentsiam
744 667 805 706 altera
825 666 852 715 eir

103 738 160 788 parte
183 747 206 774 eo
229 732 314 772 nonnulli
331 732 480 785 processerunt,
506 734 527 772 nt
547 745 618 772 orrrnem
636 734 708 773 omnino
727 733 852 773 dialectorum

79 843 80 846 ,
104 801 250 855 discrepantiam
268 801 287 839 in
300 800 368 849 lingna
383 799 479 853 Aramaea
497 810 583 849 negasse
598 801 707 839 vicinantur.
736 799 852 851 ilnpieldum

105 869 148 909 dico
163 867 229 919 tStnd.
242 879 259 906 u.
273 866 323 905 linit.
340 862 401 905 1830.
415 877 435 916 p.
450 862 521 917 nola,
541 867 594 904 cuius
607 867 714 906 sententiae
730 865 753 904 dc
767 864 854 903 Weitius

106 934 199 974 eaiculurn
223 928 305 984 adiecit,
331 931 447 971 contradixit
472 930 627 971 Haerernioirius
650 930 771 984 [Eiuleitnng
793 930 812 981 1,
836 929 853 969 i.
890 925 891 936 ¹

106 1013 159 1052 pag„
170 999 221 1053 105]
241 998 258 1053 J.

172 1086 194 1126 id
211 1086 290 1136 primum
304 1083 446 1133 agnoscentium
464 1084 506 1134 est,
522 1084 540 1122 in
554 1084 638 1123 ommibus
651 1080 790 1122 Aminnearum
802 1093 855 1133 gen-

108 1154 152 1192 tium
166 1151 271 1204 provinciis
286 1156 341 1189 unam
356 1150 473 1201 earrdemque
485 1146 569 1204 linguam
585 1151 685 1202 viguisse,
703 1151 721 1189 id
736 1150 786 1202 quod
799 1151 855 1189 euin-

108 1219 156 1259 eitur
168 1220 247 1270 primum
261 1229 287 1255 ex
300 1216 349 1254 locis
363 1227 422 1264 supra
436 1216 533 1264 collectis;
548 1217 616 1256 deinde
630 1229 656 1256 ex
671 1217 783 1257 testimoniis
796 1218 855 1254 vete-

107 1285 158 1336 rurn‚
182 1283 272 1334 imprimis
292 1281 393 1322 Strabonis
417 1278 456 1333 (li,
480 1280 536 1334 Sd),
550 1283 593 1334 qni
615 1284 732 1334 inutraque
752 1281 857 1333 Euphratis

108 1352 164 1404 parte
188 1348 266 1389 eandem
284 1347 370 1397 lingnam
390 1357 422 1384 ore
444 1347 524 1386 onmium
544 1348 628 1399 proterri
648 1348 735 1395 tradunt3
759 1351 857 1400 postremo

109 1431 136 1457 ex
152 1429 188 1456 usu
207 1414 304 1465 Sirnpliois
323 1412 426 1451 Bihliorum
445 1414 541 1452 versionis
562 1407 647 1453 ommibus
661 1413 786 1464 Syris'ultra
797 1415 817 1452 et
830 1414 858 1452 cis

109 1482 227 1536 Euphratem
243 1480 341 1519 communi.

175 1569 238 1608 Porro
253 1564 393 1606 observandum
408 1566 439 1603 est
452 1564 482 1613 in,
498 1563 607 1604 liu-auraeae
617 1567 707 1617 antiquae
717 1566 796 1616 linguae
807 1565 858 1603 nulia

112 1636 154 1675 iere
169 1636 249 1674 exstare
263 1631 396 1681 ruronmuenta,
419 1642 445 1669 ex
460 1630 528 1683 quihus
543 1633 635 1672 sermome
650 1632 724 1672 indoles
739 1632 796 1685 plane
811 1644 859 1684 per-

113 1704 163 1754 spici
175 1702 246 1754 possit.
273 1699 348 1739 Etenim
364 1710 412 1749 quae
428 1699 542 1749 posterioris
557 1700 648 1750 temporis
661 1697 734 1749 scripta
745 1700 792 1740 satis
802 1699 861 1738 rrrurlia

113 1769 215 1819 habemns,
243 1766 290 1803 duas
313 1764 331 1800 in
350 1767 418 1814 partes
436 1764 533 1815 abierunt,
556 1763 821 1815 Syrorum*Cirristianormn
841 1768 862 1805 ci

113 1835 226 1876 Iudaeorum
237 1830 341 1871 Chaldaiee
353 1830 478 1883 loquentium.
505 1829 581 1868 illorum
597 1841 660 1868 sermo
675 1832 734 1870 uiuriia
748 1845 774 1871 ex
784 1832 861 1872 Graeco

114 1901 178 1940 hausit
192 1898 307 1949 minimeque
320 1908 380 1948 purus
395 1895 493 1935 habendus
508 1896 538 1933 est
552 1897 571 1935 et
586 1897 618 1948 qui
630 1898 749 1949 ‘anitiquitatis
760 1900 862 1949 genuinam

113 1966 195 2006 indolem
212 1962 307 2005 redoleat.
336 1962 401 2002 Iudaei
416 1964 478 2002 auteur
491 1973 531 2000 cum
544 1962 655 2002 Hebraismo
670 1976 693 2002 eo
708 1965 770 2013 nangis
780 1965 862 2014 Syrias-

91 2041 93 2043 ’
113 2020 336 2080 anurnioonformahant,
359 2040 396 2081 quo
411 2028 494 2078 diutius,
518 2026 659 2069 aClrristiauis
678 2030 807 2082 gentibusque
826 2042 861 2069 se-

114 2100 173 2138 iuncti
190 2099 211 2137 et
229 2095 254 2134 V.
272 2094 296 2132 Τ.
314 2096 357 2141 fare
377 2095 419 2135 solo
440 2094 529 2146 occupati
544 2097 640 2147 propriam
655 2096 748 2149 quandam
761 2096 862 2137 dialectum

116 2167 136 2204 et
149 2164 254 2204 litterarum
268 2161 359 2214 vitaeque
374 2161 452 2200 i'orruam
468 2161 584 2201 excolebant
593 2160 619 2214 ²).

183 2225 209 2269 vlt
227 2239 275 2268 vero
293 2228 314 2267 id
331 2228 347 2267 si
361 2226 459 2279 Hupleldo
475 2227 562 2279 dederis,
581 2241 644 2268 arueras
658 2241 703 2268 esso
719 2241 792 2282 inungas,
813 2231 864 2282 qurod

106 2295 227 2348 *Michaelis
250 2292 376 2334 Eichhornius
395 2293 427 2332 alii
445 2292 551 2333 Ararnaeas
568 2295 663 2335 dialectos
681 2291 823 2335 Occidentaiem
845 2298 866 2336 et

119 2416 244 2424 mm

184 2490 202 2534 1)
216 2490 240 2524 Gi.
252 2491 302 2524 ctiam
314 2488 403 2531 ilinerus,
420 2487 439 2524 R.
452 2488 477 2526 li.
490 2498 504 2523 s.
516 2498 531 2523 v.
543 2486 608 2533 Syrien.

182 2555 202 2595 a)
218 2554 236 2587 Si
247 2557 347 2597 punctorum
362 2553 446 2589 vocalium
458 2563 493 2588 non
504 2551 557 2586 hahes
568 2553 661 2594 rationem,
676 2556 711 2588 tam
722 2555 783 2589 similis
795 2560 821 2589 est
832 2555 865 2589 iin‘

107 2619 151 2654 ⁴gun
164 2607 236 2653 Syriaca
251 2607 356 2648 dilucidasse,
375 2612 394 2641 ut
411 2607 484 2643 Iudaeus
504 2607 572 2653 quidam
588 2606 646 2641 doctus
662 2607 745 2645 hiichaeli
762 2611 865 2652 narraverit,

111 2672 154 2699 ‘esse
171 2672 189 2697 se
208 2664 274 2696 nactum
289 2661 310 2695 N.
328 2661 349 2697 Τ.
362 2661 479 2706 Chaldaicum,
496 2661 542 2708 quod
554 2664 591 2696 erat
602 2656 690 2706 Syriacum
702 2664 765 2698 litteris
778 2668 865 2699 exaratum

114 2719 204 2754 Hebraeis
228 2715 252 2750 Ei.
268 2715 282 2751 l.
297 2715 317 2749 D.
335 2715 434 2762 diminuens,
454 2717 569 2762 abhandlung
585 2726 619 2752 uon
635 2716 665 2751 der
684 2716 772 2763 sprischen
788 2719 864 2764 Spracire

114 2776 148 2810 und
160 2774 214 2809 ihrern
227 2770 323 2806 Genrauen.
332 2781 371 2816 pag.
383 2775 399 2807 5.
