1786 3062
62 250 89 289 ita
103 258 189 299 pressum
206 248 248 299 est,
264 249 284 288 ιιι
298 247 358 288 abbas
372 250 426 301 ipsos
441 250 498 291 ollioii
512 249 627 291 Sanctorum
640 250 703 291 tomos
713 249 733 289 et
743 248 812 290 livan-

63 314 134 364 gclium
153 324 189 364 per
208 315 252 354 aurai
270 314 358 355 circulum
373 316 486 370 dispositum
499 317 586 357 vendere
600 319 713 367 cogeretur.
741 315 812 369 Neque

62 380 120 420 inulto
138 378 204 420 irrelior
223 382 266 423 erat
280 381 439 424 -Nestorianorum
457 385 527 425 status.
550 383 702 424 Bar-Hebraei
716 382 811 435 tempori-

61 448 97 486 bus
119 446 177 499 paulo
197 450 242 499 post
262 448 350 491 inclaruit
363 451 478 491 'libediesus
498 449 621 502 metropolita
634 449 753 502 Nisibmus,
777 451 810 503 qui

60 513 116 566 quasi
130 513 184 553 linem
198 515 321 566 impositurus
335 519 401 567 gentis
416 529 463 556 suae
474 516 567 556 historiae
580 516 808 566 litterariae'eatalogum

59 580 173 631 scriptorum
193 581 287 633 Syrorum
312 585 407 637 osurierit,
431 586 497 624 auctor
519 582 543 623 ab
563 580 672 623 Assemano
691 582 809 633 pereximius

59 648 121 686 dietus
139 651 159 687 et
173 648 260 699 eleganti
275 661 362 690 sermone
377 651 448 691 clarus.
476 652 508 689 lix
521 650 554 689 illo
572 651 659 700 tempore
673 648 736 694 altum
747 639 809 686 silen-

68 714 104 753 ium
119 714 192 766 exeipit
204 714 316 755 foecundam
330 717 444 769 scriptorum
458 718 543 769 eopiam;
561 715 580 755 id
595 727 650 754 arnum
664 709 722 766 Syris
736 712 808 765 poste-

63 781 127 818 iormn
142 782 247 832 ternporum
262 779 348 821 relictum
363 785 404 833 est,
423 787 443 823 ut
457 784 534 824 codices
547 794 593 822 suos
610 784 630 821 ct
644 792 751 820 sermonem
763 780 807 832 Sy-

63 846 128 884 ·iaeum
144 847 163 884 iu
175 846 272 897 Europam
290 847 427 900 transferrent,
451 847 564 889 eruditionis
583 847 701 888 oninimodae
716 846 806 886 heredem

70 913 78 951 t
89 912 213 952 veinatriccm.

366 1011 497 1018 ——-—.-...

381 1141 434 1183 (lue.
449 1140 481 1182 Vl.

215 1234 250 1277 De
270 1234 471 1299 editionibust.
492 1235 515 1278 Τ.
534 1234 643 1291 Syriaci.

122 1331 148 1372 Ut
166 1332 243 1384 primmu
262 1332 329 1372 textus
343 1334 440 1374 versionis
453 1332 550 1385 Siruplicis
565 1325 628 1374 editus
643 1334 685 1385 est,
701 1332 804 1373 Widman-

69 1399 132 1450 ladius
151 1400 169 1438 in
189 1398 310 1452 dedicatione
329 1399 352 1438 ad
370 1399 508 1454 Ferdinandnm
525 1401 615 1451 scripsit,
633 1398 733 1439 Asiaticos
751 1397 804 1438 cluri-

66 1466 130 1508 iauos
149 1467 221 1525 vetere
231 1463 325 1515 Syrorum
338 1466 406 1516 lingua
420 1466 468 1505 alios
483 1466 502 1504 in
518 1466 560 1505 vita
573 1465 653 1515 vulgari
667 1463 717 1505 alios
730 1464 749 1503 in
762 1463 804 1505 Su-

62 1531 95 1569 nis
114 1531 238 1582 tanimundi,
259 1543 361 1583 eorumque
378 1532 507 1586 incredibilem
526 1542 571 1571 esse
587 1531 724 1571 multitudinem
743 1541 818 1582 usque*

71 1596 82 1635 d
100 1595 154 1649 linem
173 1596 225 1637 orbis
243 1595 293 1636 illius
309 1596 420 1650 dispersam.
449 1597 518 1650 Neque
531 1596 550 1636 id
564 1589 643 1650 praeter
656 1597 759 1636 veritatem
773 1596 805 1635 di-

69 1664 106 1701 tum
126 1664 174 1702 erat.
207 1663 317 1715 Simplieem
336 1663 362 1703 N.
380 1664 405 1703 Τ.
419 1664 528 1703 versionem
541 1664 614 1703 fontem
628 1664 686 1716 quusi
698 1653 719 1703 et
728 1652 805 1714 'prinei-

70 1729 107 1766 ium
127 1728 188 1768 fnisse
204 1730 280 1768 constat
295 1730 389 1768 maximae
404 1729 494 1768 librorum
515 1728 580 1780 murs,
605 1741 655 1783 quae
674 1728 726 1781 apud
741 1727 805 1780 Syros
866 1724 867 1727 ’

63 1795 116 1834 iruulta
133 1806 170 1846 per
188 1795 267 1835 saecula
285 1797 381 1845 congesta
400 1796 443 1843 est3
460 1794 507 1846 Syri
523 1796 585 1835 autem
599 1800 655 1848 quum
669 1796 749 1834 omnium
763 1795 805 1834 fere

57 1859 118 1901 Asiae
138 1862 225 1912 gentium
240 1862 329 1912 magistri
344 1862 426 1913 fuerint,
445 1862 486 1902 iure
495 1859 536 1901 'suo
550 1861 621 1905 dixerit
636 1861 729 1913 quispiam
743 1859 805 1900 Asiae

64 1928 143 1980 literas,
158 1929 293 1979 eruditionem,
311 1929 415 1969 doctrinam
428 1926 575 1968 oumemabhac
590 1927 693 1986 Bibliorum
714 1927 804 1967 versione

62 2004 103 2046 epe
105 1995 180 2034 tendam
194 2007 246 2035 esse.
274 1994 333 2049 Quam
349 1994 462 2045 divulgatus
477 1994 546 2044 suerit,
565 2005 613 2046 quas
627 1997 688 2046 usque
703 1992 728 2032 ad
741 1994 804 2033 terras

71 2061 170 2101 ertinuerit
184 2074 230 2102 usus
245 2061 341 2102 versionis
356 2061 452 2114 Syriacae
466 2073 519 2101 saec.
532 2059 587 2100 V.t
567 2071 577 2100 e
579 2052 730 2113 tsequentibus‚
744 2053 805 2111 supra

69 2120 166 2178 xpositum
191 2131 228 2183 est.
260 2127 374 2178 negebatur
397 2129 417 2167 et
441 2127 560 2167 tractabatur
580 2125 676 2178 ubiqne'
670 2136 690 2164 m
708 2124 805 2175 ecclesiis,

68 2183 128 2232 clrolis
143 2195 164 2233 et
176 2194 298 2234 monasteriis
312 2206 349 2235 non
363 2193 424 2234 solum
439 2192 605 2246 Mesopotamiae,
625 2189 735 2242 Assyriae,
753 2189 806 2229 Per-

67 2257 115 2309 iuis,
129 2258 228 2309 Arabiae,
243 2259 326 2311 Syriae,
349 2261 453 2299 sederant
468 2260 537 2310 etiam,
557 2259 588 2310 qui
603 2256 773 2308 Constantinopoli
786 2258 807 2295 et

56 2320 188 2365 Alexandriae
203 2325 328 2366 celeberrima
342 2326 379 2367 luae
395 2325 485 2365 versione
499 2317 606 2364 uterentur.
630 2322 720 2374 liturgia
734 2321 807 2363 Severi

57 2387 181 2431 patriarchae
204 2391 333 2432 Alexandrini
355 2404 366 2432 a
384 2392 472 2431 Fabricio
493 2391 602 2431 Bodcriano
626 2390 678 2430 edita
701 2389 806 2452 pericopas

70 2454 137 2496 iblicas
155 2456 235 2499 exhibet
227 2460 294 2499 teum
309 2458 396 2510 Simplici
412 2470 494 2510 prorsus
514 2452 688 2519 convenientRes]
720 2453 753 2494 lix
767 2465 806 2506 quo

124 2618 143 2662 1)
124 2620 186 2656 ncn
197 2622 242 2657 Bilrl.
253 2624 295 2659 bibl.
307 2625 333 2660 ed
344 2624 429 2666 Arliera,
431 2623 515 2669 Hymnus
528 2620 632 2673 ΖιιιΙιιιιιιιι,
648 2618 716 2655 Mariae
727 2620 805 2663 vurguns

70 2674 155 2717 ymeonis,
170 2675 442 2725 historiaPhilippieleunuelri
456 2678 554 2719 candaces,
566 2674 748 2717 Nicodemihistoria,
763 2682 806 2707 non-

63 2724 104 2759 mlla
121 2737 143 2817 ιέι
157 2739 183 2774 ep.
199 2732 283 2771 adHebr.
300 2737 317 2770 iu
332 2736 682 2780 hoelibrolegunturereerplaeuers
694 2727 806 2773 arntiquasy-

63 2787 114 2815 'orum
138 2783 220 2829 implicif‘
