1786 3062
766 143 793 155 rvr*

768 159 789 180 Η

40 256 131 309 sinnrlque
151 256 278 305 Nnnnraeis,
291 255 323 306 qui
339 252 461 295 Chaldaicam
481 254 555 306 opriulem
572 253 793 295 dialectum*ser'rabant

41 334 81 361 ean}
101 325 163 362 curtem
179 321 275 363 diversam
295 320 421 371 nSyrinsmo
436 321 533 361 versionis
548 320 655 372 Simplicis,
673 310 708 358 iom
723 319 741 357 in
757 331 792 364 sn—

40 389 136 439 periorem
147 390 223 440 Syriam
241 377 308 427 ccrrlos
322 389 471 440 transferamus,
484 400 527 427 num
542 388 560 426 in
574 387 696 431 Antiocheae
709 377 792 437 regione

40 456 128 506 vestigia
144 458 163 495 et
177 455 263 495 rrotalitin
277 456 372 495 versionis
387 445 471 496 nostrae*
481 456 576 505 detegere
585 455 687 506 possimus.
714 453 735 493 ln
745 444 808 493 sane*

41 523 106 573 erant,
127 524 158 573 puri
173 523 309 574 proponerent.

108 589 220 638 „Pastores
236 589 328 641 quosdam
344 588 470 639 credimus“,
489 589 550 639 inquit
565 586 664 635 brunerus,
684 586 794 625 aestimator

41 652 107 691 barrnn
127 666 188 693 rermn
208 657 275 695 cantus
295 653 393 693 admodum
410 656 429 693 et
445 666 530 705 gnarus,
549 654 586 705 „in
600 652 695 692 radiorum
710 653 793 702 gratiam
819 697 821 700 v

42 721 133 769 inpagis
148 721 267 771 degentium,
289 721 356 772 quibus
372 720 448 759 Graeca
461 720 529 768 lingua
544 721 605 757 minus
620 720 662 756 erat
674 720 731 767 rrota,
746 719 794 755 tex-

41 787 79 824 tmn
94 797 168 824 sucrum
184 786 252 824 Latirne
261 785 346 834 Romae,
361 783 475 822 Antiochiae
487 786 569 834 Syriace
584 782 714 823 1·erididisse‚“
741 782 793 822 idem

41 852 78 890 alio
102 851 158 904 loco:
177 850 309 899 „britioebiae
330 851 425 895 nascente
442 850 525 888 eeclesia
544 849 610 888 liniaci
629 850 648 886 tn
668 849 754 888 Graecos
774 853 794 888 et

41 906 142 955 Hebraeos
157 915 240 960 distincti
256 918 322 962 erant;
338 916 393 954 erant
406 914 469 966 inirrlti,
486 916 518 966 qui
534 916 603 954 nullam
618 915 653 953 nisi
664 915 735 965 Syram
750 914 793 954 eai-

41 982 107 1022 iebnnt
122 981 229 1021 dialectum.
257 981 361 1035 Antiquior
377 982 397 1021 et
410 976 542 1033 praestantior
558 983 588 1021 est
602 981 691 1032 Simplex
708 982 793 1020 omnihus

30 1048 124 1099 ‘antiquis
134 1039 207 1086 Letinis
222 1045 366 1089 versionibus.“
393 1046 414 1084 ld
429 1059 476 1086 sane
492 1047 571 1085 laridum
587 1049 617 1086 est
632 1048 673 1086 rire
689 1048 793 1097 praestan-

41 1114 125 1163 tissimo,
143 1113 161 1150 in
176 1113 235 1163 Syria
252 1112 372 1153 Occidentali
387 1114 461 1151 minime
478 1114 557 1152 omnium
571 1114 633 1152 finisse
649 1112 741 1153 Graecum
755 1112 793 1150 lin-

42 1192 99 1228 gnam
119 1180 167 1217 satis
186 1179 295 1227 irrrigarem.
327 1179 410 1229 Aliquot
429 1179 518 1229 exempla
538 1180 666 1230 posteriorum
686 1181 793 1229 temporum

42 1244 72 1284 bic
90 1244 185 1294 colligere
203 1245 268 1294 iniret,
284 1244 334 1283 ornile
349 1244 444 1295 Syriacae
463 1245 542 1294 linguae
557 1245 675 1285 consuetudo
691 1246 710 1283 in
724 1245 794 1294 regio-

42 1312 97 1350 nibus
122 1300 150 1349 cis
170 1309 287 1362 Euphratem
309 1311 352 1349 sitis
376 1313 518 1361 cognoscatur,
545 1313 655 1363 quibuscum
673 1312 795 1366 conserantur

42 1389 92 1430 qnae
115 1390 173 1429 snpra
199 1377 294 1416 nttnlimns
313 1389 362 1429 pag.
381 1375 414 1418 8⁶2.
443 1376 464 1416 ln
483 1379 524 1417 vito
544 1370 646 1417 Hilarionis
665 1377 793 1428 Hieronymus

42 1445 109 1483 narrat
126 1444 284 1483 Palaestinenses
300 1445 382 1494 Syrisce
401 1443 466 1496 loqui,
486 1444 536 1496 qrruii
551 1444 575 1482 de
588 1443 745 1496 iiiispraecipue
759 1456 794 1483 ne-

42 1508 147 1560 cipiernium
167 1512 209 1561 est,
234 1511 266 1562 qni
285 1511 338 1548 trans
358 1509 457 1549 lorrianem
480 1513 499 1550 in
518 1510 601 1549 desertis
620 1510 719 1563 minusque
739 1510 795 1550 cultis

42 1577 157 1626 regionibns
183 1565 289 1625 (legebant.
321 1576 403 1627 Syrisce
427 1578 506 1629 scripsit
528 1578 638 1616 monasterii
662 1577 758 1616 cuiusdam
776 1578 794 1615 in

44 1642 156 1682 ilcilaestina
174 1642 233 1680 abins
250 1641 370 1692 Gregorius,
390 1642 507 1693 Hieronymo
526 1642 625 1694 aequalis,
644 1644 674 1695 quii
689 1644 760 1693 postea
776 1644 795 1681 in

44 1707 129 1760 Cyprum
146 1719 168 1746 se
186 1707 276 1758 contulit,
293 1707 318 1745 ibi
339 1719 413 1760 qnoque
429 1710 450 1746 ut
463 1708 540 1747 videtur
554 1710 663 1748 morrasterii
676 1709 736 1748 abbas
750 1711 794 1760 iac-

42 1777 73 1813 tus
85 1772 102 1827 ¹]
121 1771 209 1825 (Assem.
227 1773 242 1811 i.
262 1785 311 1824 pag.
331 1772 395 1827 ire).
428 1774 455 1814 nt
473 1774 497 1813 an
515 1773 648 1824 coelesyriam
667 1777 797 1827 transeamus,

41 1842 60 1880 in
75 1840 167 1880 coenobio
181 1840 297 1880 §.clarens
313 1838 422 1893 [Tbeouinr.
435 1840 480 1879 bist.
496 1840 554 1890 relig.
569 1854 585 1880 c.
601 1839 657 1895 lss.],
672 1842 724 1895 quod
737 1842 794 1894 Apa-

42 1901 100 1946 meam
117 1908 167 1946 iuter
186 1908 206 1945 et
222 1906 309 1945 Ernesam
332 1907 355 1946 ari
370 1906 461 1946 Orontem
482 1908 539 1946 sitnm
559 1910 612 1959 erat,
629 1908 697 1958 lingua
712 1908 795 1960 Syriaco

42 1974 113 2025 viguit.
141 1972 223 2012 Ionrmes
243 1972 299 2012 Maro
318 1972 429 2024 patriarche
442 1973 575 2014 Arriiocbenus
595 1976 645 2014 eirca
665 1987 731 2015 armum
748 1976 793 2016 Ciu:

19 2081 21 2083 ,
43 2039 109 2090 DCC,
129 2050 190 2090 prope
204 2039 325 2080 Antiochiam
337 2040 435 2078 nobilibus
448 2041 559 2091 parentibus
576 2041 665 2079 oriundus
679 2041 794 2081 Antiochiae

43 2106 118 2158 quidem
133 2105 209 2144 scholas
223 2107 365 2167 frequentavit,
380 2105 415 2143 scil
431 2105 524 2144 Graecam
539 2105 623 2156 lingnam
637 2109 707 2157 postea
721 2109 794 2149 (lenium

44 2168 210 2220 Constantinopoli
226 2171 291 2210 nrurcn
309 2171 398 2223 [Assem.
417 2169 433 2210 l.
451 2183 498 2222 pag.
518 2170 582 2225 498).
616 2172 725 2225 Presbyter
745 2190 795 2228 ‹pro-

43 2235 80 2291 que
101 2234 244 2286 nlntioclrenns,
270 2237 361 2287 isaacus,
385 2238 419 2289 qui
437 2238 541 2277 nemnem
559 2242 705 2290 praeceptorem
722 2240 795 2292 trabunt,

42 2303 144 2355 prraemi
164 2301 287 2352 discipulum,
309 2301 369 2340 obbas
389 2305 461 2355 postea
479 2304 564 2356 electus,
582 2306 613 2358 qui
627 2307 795 2348 carmineAntio-

43 2370 96 2411 clriae
116 2369 187 2408 rnirmm
206 2368 283 2420 planxit
301 2367 362 2422 [bec]
383 2370 407 2408 ob
424 2382 528 2409 sermonem
543 2370 613 2422 Syrum
626 2373 756 2413 nitidissimum
772 2376 795 2414 aii

42 2430 231 2496 Iacobolldesseno
252 2436 302 2473 inter
321 2436 408 2486 optimos
422 2438 529 2488 scriptores
550 2439 656 2479 collocator
673 2440 731 2494 [ibid.
749 2454 795 2492 pag.

43 2500 109 2556 nie).
140 2501 188 2541 Item
208 2499 289 2540 Cosmas
313 2502 332 2539 in
352 2500 467 2553 Coelesyria
490 2505 597 2556 presbyter
615 2507 695 2557 scripsit
713 2506 795 2557 Syrisce

44 2571 87 2608 ecta
101 2567 196 2626 Simeonis
209 2565 300 2617 Stylitne.
326 2566 348 2605 In
361 2568 404 2619 ipsu
418 2568 478 2608 insula
489 2569 555 2623 Cypro
568 2570 651 2622 Syriaca
664 2572 731 2623 lingua
745 2573 795 2612 inirri-

43 2667 171 2675 w

109 2721 129 2764 1)
141 2719 242 2764 Nuperrime
255 2722 273 2754 in
285 2729 347 2763 magno
356 2719 465 2756 Palaestinae
477 2726 537 2766 ailino,
551 2725 596 2769 qrrod
603 2736 638 2758 non
647 2717 715 2760 nucitum
725 2735 734 2760 a
744 2725 795 2760 Beth·

42 2773 97 2809 lehem
108 2774 170 2816 distat,
186 2776 306 2820 inscriptiones
320 2775 440 2813 morraclrernm
452 2781 530 2822 repertae
542 2784 581 2814 sunt
593 2780 680 2825 Syriaeue.
