1786 3062
789 118 816 160 93

63 244 177 286 cnrnponere
190 242 294 271 'coilailrlit·.
327 231 374 270 Nam
392 232 443 285 qnod
460 234 628 285 supradiximus,
648 230 750 284 probabile
765 243 817 281 esse,

63 303 82 340 in
95 300 155 351 Syria
170 299 259 339 orientali
274 298 363 350 scriptam
379 310 423 338 csse
438 300 546 352 versionem
561 299 682 352 Sirnplieern,
701 298 720 337 in
735 308 759 336 eo
773 309 817 336 ma-

7 399 10 419 ,
63 368 161 406 ximenes
174 365 249 406 adiuuit
263 368 321 407 vetus
333 367 426 418 Syrorum
441 366 530 418 traditio,
547 378 597 418 quae
608 366 696 405 Ildessae
710 376 751 405 eam
764 365 816 404 tenr-

62 434 141 486 poribus
160 431 236 483 Ahgnri
260 434 314 483 regis
339 435 429 486 scriptam
454 445 499 472 esse
519 434 659 472 commemorat.
692 432 741 486 Quid
759 432 816 471 nobis

0 532 10 547 ξ
63 511 122 550 vero,
142 500 229 553 quaeris,
250 513 291 540 cunr
305 500 393 540 fabuloso
408 500 441 539 illo
455 495 553 549 digami
577 497 617 537 Iam
637 498 748 549 videmnus,
773 511 816 537 nuru

0 554 11 618 A}
63 567 146 606 certiora
164 566 256 619 quaedam
275 568 377 620 magisque
398 566 505 620 probabilia
520 565 544 604 de
560 565 596 605 hoc
611 564 753 609 Osrhoenornm
767 576 816 614 rege
858 584 859 587 =

64 634 150 673 statuere
165 635 268 685 possimus.

128 689 170 738 Aa
180 711 226 740 aera
242 699 358 740 Graecorum
377 701 390 738 i.
405 711 423 738 e.
438 698 581 740 Seleucidarum
597 697 644 749 Syri
658 698 721 748 vulgo
736 710 817 750 conrpn-

64 766 106 806 taut
129 778 200 814 annos3
223 766 266 805 inde
288 766 343 805 nobis
371 777 447 818 qnoque
469 764 594 816 incipiendum
614 767 651 806 est.
684 765 816 807 Seleucum

1 831 10 856 3
64 833 155 884 plurimas
173 833 232 871 urbes
248 833 360 883 vcondidisse
379 832 497 872 Graecorum
513 831 598 870 calculas
608 830 637 883 ¹),
656 844 715 883 snpra
728 834 817 879 monitum

7 885 11 918 ἶ
65 899 107 949 est,
128 899 177 936 inter
196 910 245 950 quas
263 897 365 949 Appianus
386 900 442 938 etiam
460 897 555 937 Edessam
572 897 672 948 recenset,
695 895 830 942 Antiochiirnr-

63 965 143 1016 primunr
163 964 243 1015 dietam,
264 965 321 1017 atque
338 965 388 1005 ultra
403 963 563 1016 lllcsopolamianr
579 963 598 1002 in
618 952 732 1003 Parthorum
751 965 819 1004 finibus

45 1063 46 1067 ,
64 1031 165 1082 Soteram,
190 1030 305 1083 Calliopen,
328 1031 409 1083 Charin,
428 1030 586 1082 Hecatompolin,
606 1029 706 1069 Achaiam.
733 1032 818 1071 Maxime

3 1106 11 1126 ὓ
65 1097 178 1149 arnpliiieata
198 1093 235 1136 est¹
246 1098 359 1150 uiribusque
374 1098 436 1151 eterit
450 1096 540 1136 Seleucia
554 1096 578 1134 ad
593 1095 680 1148 Tigrim,
699 1098 718 1151 in
730 1098 818 1150 Babylo-

10 1192 12 1197 -
64 1165 93 1203 nis
114 1164 177 1203 locrrrn
195 1163 313 1213 succedens;
334 1166 417 1205 atvero
433 1176 444 1204 a
460 1163 569 1205 Seleucidis
584 1175 630 1202 mox
641 1162 755 1204 Antiochiae
769 1166 817 1205 sede

63 1233 121 1282 regia
137 1231 177 1270 lira
191 1230 286 1282 bellisque
301 1232 365 1272 multis
380 1233 455 1272 exortis
471 1243 511 1271 cnm
524 1230 640 1269 Ptolemaeis
656 1231 676 1268 et
692 1231 767 1283 inipso
782 1233 816 1272 Ia-

1 1310 9 1344 ῥῑ
65 1298 115 1337 milia
133 1299 190 1346 regia
209 1298 336 1347 gliscerrtibns
351 1298 457 1339 ⁴discordiis
475 1297 547 1336 iactum
567 1297 609 1347 est,
627 1297 648 1334 ut
666 1294 736 1346 Syriae
751 1299 817 1337 orien-

65 1364 110 1403 talis
130 1365 209 1415 irnperio
228 1365 297 1408 amisso
317 1363 405 1403 Parthi
423 1363 449 1401 ibi
466 1372 551 1411 regnare
572 1361 671 1412 coeperint
681 1359 708 1416 ²).
738 1355 817 1404 Illinime

65 1435 114 1470 uero
132 1441 156 1470 ea
172 1431 285 1470 Parthorum
306 1430 337 1470 vis
357 1442 379 1469 ac
398 1429 486 1480 potentia
500 1428 545 1478 ruit,
564 1430 635 1479 quanta
648 1428 711 1478 uulgo
726 1431 816 1482 creditur,

65 1508 128 1549 ireque
142 1496 199 1547 Syris
219 1498 239 1536 et
252 1496 343 1537 Romanis
358 1495 428 1535 terrori
444 1495 509 1545 erant,
526 1494 564 1533 uisi
576 1493 670 1544 Syrorum
686 1495 705 1534 et
718 1493 818 1535 Romano-

65 1576 105 1602 rum
119 1564 194 1603 fractae
207 1564 261 1602 vires
279 1564 368 1601 inissent.
396 1560 482 1599 Maxima
496 1567 558 1599 autern
572 1559 649 1599 Parthis
663 1572 722 1600 causa
736 1562 773 1601 luit
787 1564 819 1602 in—

65 1629 170 1680 firmitatis,
193 1628 244 1681 quod
257 1629 315 1679 regni
327 1628 427 1668 successio
444 1627 492 1678 lege
509 1619 562 1665 arril‘a
578 1617 629 1666 satis
646 1629 700 1667 certa
715 1630 735 1669 et
749 1632 819 1672 nrunitn

1 1689 9 1737 ἓ,
66 1696 103 1735 inii
121 1696 180 1748 atque
193 1707 254 1746 reges
267 1693 323 1735 modo
339 1695 398 1734 creati
412 1695 484 1734 tratres
499 1693 554 1733 simul
576 1693 609 1732 rel
627 1693 677 1732 filios
697 1695 767 1735 ricinis
784 1710 818 1737 rc-

68 1764 112 1812 gnis
127 1764 147 1801 et
161 1761 267 1814 prouinciis
280 1772 340 1810 reges
355 1755 472 1800 constituere
487 1759 611 1799 conabantur.
638 1758 702 1812 Quare
715 1761 766 1801 nullo
781 1775 819 1802 un-

67 1841 123 1882 quam
137 1830 155 1868 ei
170 1828 249 1881 imperio
265 1826 378 1878 concordia,
393 1826 443 1866 inter
457 1827 511 1878 ipsos
526 1824 609 1866 Parthos
623 1838 672 1877 pace
684 1839 760 1880 semper
775 1832 818 1870 tnr-

6 1882 10 1885 U
66 1895 118 1935 bata.
146 1895 207 1935 lirant
223 1894 297 1946 quidem
312 1896 331 1933 in
346 1891 413 1933 verbis
424 1892 544 1932 abundantes
554 1894 574 1933 er
582 1892 665 1942 gloriosi
675 1892 781 1935 Arsacidae
792 1894 818 1949 ³),

399 2041 408 2058 Ii
637 2057 639 2061 r

135 2078 154 2123 1)
166 2078 195 2123 Cl'.¹
202 2078 285 2113 Ammiani
297 2084 314 2113 et
325 2079 376 2114 Plinii
387 2080 434 2114 locos
447 2088 499 2123 supra
510 2079 589 2113 Iarnlutos
600 2088 641 2124 prag.
651 2080 679 2115 24.
691 2083 718 2116 31.

133 2154 154 2196 2)
166 2151 225 2187 Parthi
233 2153 326 2189 Seleucidis
337 2166 375 2189 rnen
387 2155 473 2189 terribiles
485 2153 531 2187 laeti.
555 2153 663 2195 „Antiochus
673 2154 747 2200 Magnus
761 2166 820 2190 caesus
850 2153 852 2160 '

6 2212 13 2259 sq
69 2210 94 2240 est
108 2207 247 2241 inhiamnamm
263 2209 335 2252 proelio.
358 2208 420 2242 Postea
432 2207 512 2242 Seleucus
529 2209 567 2250 (dle
585 2211 612 2243 cui
628 2210 820 2244 successitirnterAn-

38 2292 39 2295 ,
68 2261 134 2296 tiocbus
147 2262 224 2306 Slrleles)
236 2272 280 2297 anno
292 2265 342 2308 regni
353 2263 426 2298 secundo
439 2264 493 2306 copiis
506 2263 582 2298 collectis
594 2264 676 2299 aduersus
687 2263 768 2299 Arsacem
779 2277 820 2310 pro-

68 2315 122 2350 lectns
138 2320 164 2350 est
172 2317 276 2362 Babylonem
293 2322 310 2351 et
321 2319 339 2351 in
350 2320 449 2361 superiores
462 2320 549 2362 regiones.
571 2318 593 2352 Et
604 2329 648 2354 anno
661 2320 726 2361 altero,
743 2322 822 2364 quierat

70 2368 134 2415 Olynrp.
150 2371 194 2406 CLX
209 2381 262 2406 annus
279 2374 340 2407 tcrtins
359 2372 380 2406 ab
397 2371 461 2407 Arsace
476 2375 495 2407 in
511 2375 625 2417 captivitatem
642 2373 720 2408 redactus
737 2379 772 2414 est,
793 2378 822 2420 qni

68 2425 123 2468 ipsum
139 2427 156 2460 in
169 2425 256 2461 Parthiam
266 2427 368 2461 seruandum
379 2427 429 2462 misit.
453 2426 516 2462 Sirletis
528 2437 573 2462 anno
585 2433 646 2474 quarto
659 2432 757 2473 supervenit
768 2430 821 2465 Arsu-

69 2487 97 2511 ces
112 2479 213 2524 (Phraates)
226 2491 262 2515 cunr
275 2482 362 2516 dnodecmr
374 2481 485 2525 myriadibus
508 2482 574 2518 Sidetes
586 2486 604 2518 in
617 2485 683 2529 proelio
696 2484 777 2520 adversus
788 2484 821 2520 Ar-

5 2572 15 2587 ,
69 2540 125 2567 saeern
140 2537 226 2570 sauciatus
237 2539 327 2571 rnoritru·.“
350 2536 433 2571 Eusebius
445 2539 463 2571 In
476 2537 559 2572 Chronico
571 2538 616 2574 Arm
640 2537 754 2574 CIVaillant
768 2541 822 2586 impe-

68 2588 111 2623 rium
123 2588 249 2647 Seleucidarnm
263 2593 283 2627 de
294 2591 359 2628 Arsace
371 2591 445 2627 Phraate
456 2604 497 2637 pag.
509 2598 547 2630 167.

12 2691 18 2707 a,
134 2653 153 2696 3)
165 2653 262 2691 Ammianus
274 2656 352 2692 hIarcell.
363 2655 428 2698 XXIII,
446 2661 462 2694 6.
478 2657 521 2693 haec
532 2658 552 2693 da
564 2658 622 2693 Persis
634 2658 697 2692 tradit:
713 2659 821 2701 „Abundan-

68 2705 94 2737 tes
106 2710 145 2740 sunt
153 2709 233 2745 inanibus
244 2711 302 2747 verbis
314 2715 425 2756 insanumque
436 2712 526 2759 loquentes
540 2716 556 2749 et
567 2715 631 2757 saraae
648 2714 740 2759 magnidici
752 2717 768 2748 et
779 2723 820 2758 gra-

68 2767 98 2791 ues
106 2767 126 2792 ac
133 2763 184 2803 tetri,
197 2768 271 2802 minaces
280 2770 328 2802 iuxta
336 2770 354 2801 in
362 2767 439 2802 adrersIs
448 2766 499 2802 rebus
512 2773 529 2804 ct
539 2771 637 2815 prosperis,
650 2768 718 2811 cartidi,
731 2766 823 2818 superbiri
