1786 3062
139 207 180 249 110

135 323 184 362 tuto.
210 318 283 357 liteuim
294 315 482 369 Partlarrraspatem,
498 316 546 355 alias
560 314 702 357 Psamatosirim
717 318 797 367 dictruu,
812 329 823 356 a
835 316 886 356 Par-

136 386 174 426 tlris
188 395 225 423 non
239 384 305 433 magni
318 382 414 436 habitum,
428 383 520 436 proximis
537 381 632 423 Arrrreniis
646 384 738 434 gentihus
752 396 820 435 regem
835 382 887 424 dedit

136 451 262 505 [Spartianus
277 451 295 489 in
309 449 429 503 Hadriacol,
445 450 597 501 Mesopotamiae
612 462 653 488 eam
662 451 749 502 partem,
764 452 817 490 euius
829 450 886 488 urlres

135 518 252 571 praecipuae
272 516 341 556 Ararida
360 518 380 556 et
398 517 481 568 Nisibis,
500 516 576 555 Parthis
596 516 686 569 reliquit,
706 515 824 556 Osrlroencm
839 514 886 555 vero

136 584 220 635 Abgaro
241 573 267 623 ea*
281 583 328 633 lege
348 584 456 639 concessit,
479 585 499 623 ut
517 580 606 622 tributum
624 582 730 635 penderet,
751 586 804 623 cuius
823 586 887 623 tamen

137 663 196 692 ornere
217 663 259 690 eum
280 651 350 702 postea
365 648 463 689 liberavit.
491 649 589 690 Antonino
605 650 710 702 imperante
723 649 837 701 Vologeses
852 647 887 689 Ill.

137 719 219 759 Parthus
239 713 376 769 [ido-188}
389 714 407 766 ¹]
425 716 473 755 lines
489 717 586 756 Romanos
600 717 712 768 infestavit,
729 717 764 756 sed
779 718 844 756 victus
857 717 888 755 est

106 775 108 779 ’
138 798 149 824 a
170 784 250 832 Cossio,
271 782 302 833 qui
321 780 429 821 Seleuciam
444 784 568 833 expugnavit
581 784 601 822 et
614 781 709 834 incendit,
730 783 793 821 caesis
809 784 887 822 trecen-

136 852 162 890 tis
181 849 274 888 horminum
293 847 379 899 milibus,
402 837 529 900 Ctesiphonte
549 851 612 889 a'rrtem
628 849 735 899 Vologesis
755 849 830 899 regiam
845 848 888 887 solo

38 943 42 950 ·
77 947 78 950 η
137 916 244 969 aequavit.⁴
270 913 370 965 lilaamrm,
390 914 454 953 luatis
470 914 537 966 ilium,
560 916 578 955 in
592 927 655 965 regno
670 914 769 956 Osrhoene
778 915 807 953 'ab
823 913 888 954 Anto-

137 984 181 1023 nino
199 982 308 1021 restitutum
326 992 385 1031 supra
404 974 661 1021 emmemmavmus.·1110
680 982 766 1033 tempore
780 979 802 1020 ll.
817 979 887 1031 Verus,

137 1049 189 1089 hello
203 1046 293 1088 Parthico
308 1048 412 1098 imperator
426 1047 493 1098 datus,
512 1048 582 1088 milites
596 1049 701 1088 veteranos
717 1045 794 1088 Carrhis
810 1046 888 1098 reliquit

137 1110 218 1168 eoumque
236 1114 362 1152 Romanorumn
383 1114 475 1152 coloniam
494 1113 546 1152 fecii.
572 1114 644 1153 liudem
659 1115 745 1164 tempore
760 1112 888 1151 Nisibimili-

138 1183 169 1221 tes
183 1183 202 1220 in
216 1179 314 1231 praesidio
329 1178 426 1219 collocati.
454 1177 565 1219 Osrlroenes
579 1192 617 1219 rex
631 1179 700 1219 XXVI
712 1179 799 1232 sequitur
813 1178 887 1229 Abga-

137 1259 170 1285 rus
185 1246 250 1286 illaani
267 1245 329 1293 filius,
351 1245 381 1284 cui
394 1243 516 1301 Burdesanes
529 1246 638 1296 familiaris,
658 1246 690 1297 qui
703 1246 774 1297 primus
791 1243 888 1285 Christia-

137 1324 180 1352 nam
197 1311 253 1350 fidem
266 1312 368 1362 professus
383 1322 428 1350 esse
443 1310 527 1351 videtur.
555 1311 612 1352 Haud
626 1311 685 1352 multo
700 1313 746 1363 post
758 1312 828 1352 laelium
844 1312 888 1352 co-

137 1389 233 1425 manorum
253 1377 310 1416 civile
331 1377 380 1415 inter
400 1377 496 1417 Severum
515 1378 536 1416 et
554 1377 679 1416 Pescennium
697 1379 773 1428 nigrum
792 1378 887 1418 incensum

97 1483 100 1488 ,
136 1445 194 1485 etiam
211 1442 300 1482 Orientis
315 1445 379 1483 terras
398 1443 492 1491 turbavit
518 1443 613 1483 Miserunt
633 1445 681 1482 eninr
695 1444 802 1483 Pescennio
822 1446 888 1496 copias

138 1512 243 1551 arrxiliarcs
257 1508 312 1548 archo
327 1509 403 1559 Abgari
417 1505 488 1560 reges,
504 1508 647 1549 Osrlroenorum
663 1523 721 1562 rrnrrs,
737 1510 786 1557 alter
799 1509 888 1550 Adiabe-

138 1572 203 1616 norcm
223 1573 271 1627 [llio
291 1575 304 1614 l.
323 1573 379 1628 74),
402 1574 421 1614 id
442 1574 493 1628 quod
508 1575 585 1616 Severo
606 1577 681 1628 gloriae
699 1577 785 1617 bellicae·
800 1577 888 1617 studioso

138 1644 209 1684 idonea
233 1654 292 1681 causa
314 1642 358 1680 visa
376 1642 408 1680 est
425 1641 541 1692 lluplrrntem
559 1643 721 1692 transgrediendi.
752 1642 781 1681 llo
802 1644 888 1695 tempore

138 1709 228 1763 permulti
247 1707 341 1758 Romani,
365 1707 434 1746 milites
457 1708 562 1758 praecipue
584 1720 620 1749 uec
638 1721 676 1748 non
697 1710 757 1759 fabri,
781 1709 813 1761 qui
831 1709 889 1761 Nigri

137 1776 227 1829 partibus
245 1771 368 1824 studuerant,
391 1774 415 1813 ad
429 1772 671 1827 Partlrosconiugeruot,
692 1770 728 1827 per
748 1788 796 1828 quos
813 1776 888 1817 Rorna-

119 1855 203 1882 norum
225 1840 331 1892 disciplina.
343 1830 441 1890 militaris,
462 1841 514 1878 artes
529 1840 548 1877 et
561 1840 648 1881 instituta
663 1841 714 1881 haurd
728 1854 791 1894 pauca
803 1842 823 1881 in
835 1855 888 1893 geu-

139 1911 176 1948 tem
199 1907 301 1947 barbaram
325 1904 419 1946 translata
440 1907 485 1945 sunt
503 1903 635 1958 [Herodianus
650 1907 665 1946 l.
682 1907 728 1962 lll].
761 1909 849 1951 Severus
870 1903 888 1950 in

138 1974 217 2015 Oriente
236 1970 300 2012 uictor
321 1970 448 2022 Ctesiphonte
468 1974 593 2024 expugnata,
611 1976 799 2028 ‘cognominatusque
814 1975 889 2018 Araiai-

138 2054 183 2091 cus,
210 2038 352 2088 Adiabenicus,
378 2037 478 2078 Parthicus
502 2038 563 2077 Nisibi
586 2052 675 2089 magnam
699 2042 813 2091 dignitatem
836 2043 889 2085 dedit

138 2119 217 2160 canique
233 2106 325 2146 coloniam
340 2104 444 2145 Romanam
460 2106 529 2145 factam
542 2106 603 2157 equiti
611 2106 696 2147 Romarm
708 2110 806 2147 commisit.
835 2110 888 2150 Sac-

137 2175 180 2223 pius
195 2174 244 2212 idem
260 2171 340 2222 gloriari
352 2170 432 2211 'solebat
446 2183 468 2210 se
484 2183 572 2229 rrragnam
585 2173 686 2222 regionem
700 2174 811 2214 adiunxisse
825 2176 888 2228 impe-

138 2241 167 2277 rio
182 2249 262 2288 canaque
274 2237 440 2290 propugnaculum
450 2237 521 2287 Syriae
534 2237 628 2277 effecisse.
655 2238 747 2293 „Tarrren
757 2252 828 2280 revera
840 2248 889 2281 cou-

138 2305 220 2344 stat-
236 2304 262 2342 aii
280 2304 317 2341 Dio
332 2301 356 2354 [l.
371 2301 416 2353 75.)
431 2323 457 2329 --
472 2314 513 2340 eam
531 2303 623 2342 Ronranis
641 2307 662 2344 ut
678 2306 805 2357 frequentium
822 2307 889 2346 bello-

138 2382 178 2409 rum
194 2370 221 2409 ita
237 2369 335 2409 multorum
351 2379 427 2420 (proque
442 2369 549 2418 sunrptuum
565 2379 640 2406 causam
654 2371 766 2423 exstitisse,
785 2373 889 2423 propterea

138 2439 189 2491 quod
205 2436 320 2489 paucissima
343 2433 440 2484 pendebat
455 2433 598 2483 insurnelratqrre
616 2434 685 2485 urrrlta,
707 2436 794 2489 quodque
809 2437 889 2478 Romani

138 2504 162 2544 ad
177 2503 247 2543 liledos
263 2501 352 2543 finitimos
366 2497 487 2551 Parthosque
502 2499 604 2549 progressi
617 2509 654 2550 pro
666 2501 689 2539 iis
706 2513 781 2555 semper
795 2506 889 2559 quodam-

138 2571 193 2612 morlo
207 2582 297 2624 pugnare
312 2564 454 2622 cogebarrtur.“
483 2565 534 2605 'I'res
548 2565 649 2619 legiones,
670 2568 770 2609 Parthicas
792 2572 835 2611 iude
856 2573 889 2612 di-

139 2639 194 2689 etas,
210 2637 298 2677 Severus
312 2637 331 2676 in
345 2632 489 2685 Mesopotamia
498 2632 586 2686 reliquit,
602 2633 711 2675 Arrneniam
724 2635 837 2679 Sauatrueis
850 2638 888 2679 filio

139 2752 272 2763 ‚Q--s-

192 2836 227 2882 Ἴ)
235 2835 331 2882 Vologeses
343 2836 364 2872 11.
376 2840 479 2884 regnaverat
490 2848 505 2874 a.
518 2840 618 2879 rel-135.
