1786 3062
768 146 807 188 rm
855 130 858 134 ’

2 268 3 271 “
53 263 135 303 magua,
154 262 204 304 quae
222 252 339 306 Euphratem
355 255 376 296 et
390 254 464 310 Nigrim
480 257 543 299 iunxit
553 252 585 311 ¹).·
606 256 663 312 Quod
675 258 743 304 aurem,
754 258 806 310 apud

53 316 154 369 loscphum
177 331 245 359 norrrcn
267 321 366 375 regionis,
390 323 409 363 id
429 322 493 377 uulgo
508 325 561 363 urbis
580 325 648 364 nornen
668 327 700 366 est
716 337 732 364 a·
746 323 805 376 Syris

1 409 2 412 ¹
52 395 100 447 ipsis
119 397 190 447 postea
204 385 266 470 lsoq
284 399 402 451 appellatae.
427 402 482 457 Eam'
493 403 512 440 in
527 402 612 452 urbem,'
623 414 672 454 quae
686 397 745 454 paulo
758 403 803 442 ante

0 461 4 511 ᾗ
52 462 161 512 a'I'igraue
177 464 291 516 amplificata
305 467 325 506 ct
333 470 420 507 *rrraxime
432 469 502 507 munita
517 457 559 507 erat
571 467 624 517 (vide
633 466 802 520 supra)‚jrcgram

51 528 115 567 laates
133 529 226 569 detulisse
244 531 327 572 videtur.
356 532 429 573 Nisibis
447 534 510 572 arriem
528 533 578 570 iuter
595 532 679 571 ludaeos
697 543 758 583 aeque
778 544 801 573 ac

52 592 171 634 Christianos
191 596 236 635 urbs
256 597 367 637 clarissima.
395 597 425 637 lbi
439 597 552 637 ludaeorum
569 587 637 637 schola
655 593 748 649 floruit2)
767 599 801 636 at-

0 671 3 719 [
38 672 88 712 quc
102 660 134 713 qui
149 661 172 699 ab
190 663 273 703 Eusebio
288 664 383 703 ecelesiae
397 651 489 704 Persicae
504 651 567 702 luuren
581 658 702 714 celebratur,
720 662 801 715 episeo-

0 736 4 781 J
49 739 87 778 pus
102 727 205 767 Nisibenus
218 732 271 781 erat,
284 731 366 770 lacobus
381 732 413 770 rlle
424 744 468 779 ma
457 741 518 780 nrurus,
532 743 586 769 cums
596 729 701 781 discipulus
709 729 800 780 Ephrae

7 785 9 787 ’
49 805 97 833 rrius
125 794 243 835 Edessam
236 797 290 847 pote
309 797 389 848 propior
407 796 524 853 Graecorum
540 788 705 847 Romanorumque
723 794 799 846 finibus,

49 858 241 914 plurihnsinnotuii3
256 863 335 910 atvero
347 862 419 900 Nisibis
434 862 538 912 antiquitus
552 865 590 899 non
603 863 675 900 minore
687 862 738 903 faura
749 863 801 903 iuter

31 952 35 963 .
50 924 170 980 Christianos
188 924 295 975 gaudebat.
326 926 390 981 Quare
404 925 526 966 Christianae
547 925 643 965 ecclesiae
660 926 746 976 origines
761 938 799 966 non

2 996 3 999 ’
49 993 86 1031 tam
101 991 188 1031 Edessae
203 1003 258 1043 quam
272 992 291 1030 iu
305 990 448 1033 Adiabenorum
464 1004 527 1042 reguo
543 992 659 1044 quaerimus.

0 1050 8 1055 ”
114 1055 245 1096 Certissimum
261 1057 334 1097 ornuiuo
349 1060 390 1109 est,
411 1058 477 1110 primis
490 1058 537 1110 post
548 1050 645 1098 Christum
656 1057 799 1106 saeculisultra

1 1140 2 1149 2
47 1122 164 1175 Euphratem
185 1123 251 1181 nullibi
269 1125 299 1165 toi
317 1122 437 1165 Christianos
456 1125 517 1177 fuisse
536 1136 591 1176 quam
611 1125 630 1163 iu
644 1123 757 1177 Adiabenc5
774 1125 798 1164 de
835 1113 837 1115 ¹
855 1174 861 1181 Ἀ

0 1242 2 1244 ‚
48 1202 85 1242 qua
98 1189 217 1229 Sonourenus
233 1189 257 1243 [l.
275 1191 298 1242 2,
320 1188 374 1243 lat:
392 1191 465 1243 „Haec
479 1190 565 1230 Persidis
578 1189 640 1241 regio
651 1185 685 1232 est
696 1192 797 1230 nraximam

3 1285 5 1287 .
47 1258 123 1307 partem
142 1268 153 1296 a
173 1255 287 1296 Cluistianis
305 1255 414 1297 liabitata.“
441 1256 535 1296 Edessam
552 1256 613 1306 igitur
626 1256 671 1296 mihi
684 1257 797 1297 translatum

1 1353 3 1355 -
47 1323 124 1362 ridetur
140 1322 270 1378 Euangelium
293 1334 320 1362 ex
338 1314 481 1363 adiabenorum
499 1333 569 1372 regno.
602 1322 638 1376 Qui
657 1321 797 1375 primus'iuter

47 1389 136 1428 Edessae
149 1389 231 1439 regulos
245 1387 370 1428 Christianam
384 1389 440 1429 iidem
454 1389 555 1429 corriessus
571 1390 612 1439 esi,
625 1380 686 1429 luatis*
697 1402 796 1441 pronepos

47 1456 96 1495 erat.
124 1447 260 1506 Epimaernus,¹
271 1454 412 1493 Edessenornm
429 1455 517 1505 doctor7'
529 1454 582 1492 cuius
594 1455 681 1505 ternpore
694 1454 747 1493 urbis
761 1456 797 1493 vix

46 1532 118 1570 nragna
128 1531 175 1571 pars
188 1520 233 1558 fidei
242 1518 364 1560 Christianae
379 1521 456 1560 addicta
465 1520 516 1570 erat,
530 1519 633 1558 Nisibenus
647 1520 701 1576 erat..
724 1519 798 1558 Nisibis

46 1587 79 1626 illo
89 1580 175 1637 tempore
189 1585 231 1624 iere
246 1586 339 1626 urriversa
353 1586 377 1626 ad
389 1586 445 1626 fidem
455 1596 551 1626 conversa
560 1585 602 1626 fuit.
629 1585 708 1638 Mares,
722 1585 754 1638 qui
763 1588 798 1625 re-

47 1667 96 1693 uera
111 1654 172 1691 fuisse
189 1651 265 1691 videtur
279 1652 299 1690 in
313 1652 373 1703 Syria
387 1654 460 1704 primus
474 1651 519 1689 fidei
532 1653 620 1701 nuntius,
638 1653 718 1702 primum
733 1652 799 1693 docuit
858 1660 860 1663 '

0 1713 1 1716 ¹
46 1718 233 1760 neth-carmenses
253 1718 273 1757 et
286 1716 398 1758 Adiabenos
410 1714 442 1771 ³),
461 1715 528 1756 deinde
544 1713 653 1759 Seleuciam
664 1718 720 1770 petii.
748 1718 797 1772 Quid

47 1787 97 1840 quod
117 1787 169 1826 teste
189 1784 246 1824 Mose
268 1783 327 1824 Chor.
345 1786 387 1836 ipsc
407 1774 524 1823 Tiraddaeus
539 1784 650 1824 devertisse
665 1785 733 1825 dicitur
746 1784 798 1837 apud

1 1886 3 1889 ,
46 1850 265 1907 Tobiamquendamcx
273 1850 509 1900 Bagratidarumiamilia.
536 1851 639 1889 Persarum
651 1844 723 1903 reges,
739 1850 820 1891 chri:

0 1942 1 1946 =
46 1922 151 1961 stiauorum
170 1909 318 1969 persecutores,
337 1917 445 1955 immensam
459 1914 552 1955 irorrriuum
566 1912 703 1956 multitudinem
718 1917 797 1956 occide-

46 1987 90 2026 runt
112 1985 131 2023 in
147 1981 243 2034 Assyria3
266 1995 293 2023 ex
310 1983 358 2022 urbe
378 1978 469 2021 Bezabde
488 1994 558 2021 novem
577 1983 628 2022 milia
647 1981 796 2024 Christianorum

46 2064 88 2092 curn
100 2049 197 2102 episcopis
213 2048 295 2098 abducta
309 2051 330 2089 ei
344 2048 443 2088 unianimam
451 2049 526 2098 partem
535 2039 599 2087 occisa
606 2048 658 2086 suni.
684 2045 796 2099 Christiani,

0 2114 3 2134 ⁵
46 2119 78 2170 qui
94 2116 170 2171 Nisibin
186 2114 307 2172 incolebant,
332 2114 452 2163 cogebantur
470 2112 557 2152 Amidam
579 2112 641 2151 exire.
669 2110 711 2152 Sed
730 2111 796 2152 dehis

45 2183 64 2224 in
81 2181 132 2222 libro
147 2180 236 2232 proximo
253 2180 309 2232 plura
321 2180 419 2226 dicentum
438 2179 515 2220 constat
528 2179 614 2231 oranius,
635 2190 677 2218 eam
688 2179 796 2232 regionem,

50 2289 179 2298 —-—-—-

111 2374 130 2418 1)
141 2372 200 2418 Steph.
211 2371 252 2417 sz.
265 2374 355 2417 „Nicrum
366 2373 449 2418 Νὰσιβιι,
460 2371 536 2416 Νίσιβις.
558 2371 617 2409 Philo:
633 2371 696 2417 στῆλαι
706 2374 796 2419 significat.

46 2424 138 2475 Uipstanus:
152 2429 212 2473 lingua
223 2426 316 2462 Phoenicia
326 2427 386 2465 item
397 2425 533 2473 acppcpqroa'sf‘
709 2451 710 2454 η
749 2456 751 2458 ,

111 2492 232 2536 ammaum
242 2491 344 2527 Tudeleusis
355 2492 380 2527 ibi
389 2492 434 2527 mille
446 2490 519 2525 ludaeos
530 2491 599 2535 reperit.

111 2556 131 2600 3)
111 2555 173 2592 3Ex
188 2556 230 2599 urbe
245 2554 311 2589 Edessa
326 2556 432 2599 praedieatio
448 2553 554 2598 Euangeliou
569 2556 641 2598 primunr
657 2555 744 2589 translata
758 2566 795 2591 esse

45 2595 119 2645 traditur
134 2613 152 2647 in
168 2610 273 2646 Carducncm
290 2621 304 2645 s
314 2609 410 2646 Bezabden
427 2608 499 2644 Edessa
514 2610 585 2643 autem'
581 2620 599 2643 m
609 2607 702 2644 traditione
715 2604 797 2651 ecc-lesia-

45 2666 88 2699 stica
104 2670 130 2700 est
144 2667 185 2702 urbs
201 2667 251 2711 regia
266 2666 341 2711 Abgari3
359 2676 412 2711 quare
428 2667 464 2700 eius
475 2665 514 2699 loeo
526 2663 645 2713 substituenda
655 2667 682 2698 est
691 2665 720 2700 rel
731 2664 796 2700 Nisibis

45 2720 72 2752 rel
90 2730 134 2765 quae
145 2723 179 2756 tum
190 2720 275 2756 Adiabeni
287 2722 334 2766 regis
346 2721 395 2758 sedes
407 2724 450 2758 erat.
472 2719 527 2755 Etiam
540 2721 661 2756 monasterium
673 2722 743 2792 primum
755 2729 795 2754 con-

46 2771 98 2808 ditum
110 2777 152 2809 est
147 2786 166 2809 m
176 2775 242 2811 Nisibis
253 2778 346 2811 vicinitate
619 2789 620 2792 ’
