1786 3062
728 121 788 167 Ι(79

37 240 54 278 si
73 239 91 277 in
109 237 205 291 loquendo
227 236 292 287 viguit
310 236 377 286 lingua
392 234 478 288 Graeca,
499 229 555 276 etiarn
575 235 638 285 iringis
658 236 678 274 et
692 234 734 274 sola
748 234 789 273 iore
819 235 822 240 '

21 297 80 345 verat
100 305 233 356 scrihentirnu,
255 304 281 343 ito
304 305 325 343 ut
344 304 441 355 rarissime
461 303 609 342 videarrtur'ex
626 303 686 353 Syria
705 301 790 341 citeriori

38 372 81 410 trhrr
95 371 191 422 prodiisse
204 371 287 421 Syriaco
299 372 410 423 conscripti.
437 369 466 424 ll)
478 369 553 408 Deinde
567 381 602 421 pro
617 371 669 408 certe
681 366 788 407 lrahendnm

38 435 80 488 est,
100 440 118 476 in
133 437 220 490 quolihet
235 438 280 477 vici)
290 439 332 477 *tum
344 437 455 498 pourplures
467 437 540 487 luisse,
560 437 592 487 qui
605 436 717 486 interpretis
732 436 788 490 vices

38 506 138 556 suscipere
155 505 266 555 potuerint,
286 505 339 544 errius
360 504 433 543 omnino
448 514 514 542 munus
528 502 546 540 in
562 499 641 540 Oriente
655 506 731 553 semper
746 502 789 541 i're-

38 572 180 624 quentissinumr
198 574 250 621 erat,
272 573 310 611 tum
329 572 412 611 maxime
430 572 449 610 in
472 568 560 609 eeclesiis
581 569 634 608 certo
654 569 727 628 cuidam
745 570 788 608 viro

36 639 134 689 proprium
150 638 230 678 oi'ticium
246 639 328 678 delatum
342 639 403 676 fuisse
420 637 495 677 Graece
511 636 584 687 scripta
598 635 617 673 in
630 631 733 684 vulgarem
745 636 788 686 Sy-

37 706 106 745 riacam
127 705 228 746 dialectum
247 705 347 757 vertendi,
372 707 393 745 ut
408 716 467 756 supra
482 703 572 753 exernplo
587 703 668 742 Basanis
681 699 698 755 ¹]
713 703 788 754 proha-

37 773 112 826 vimus,
133 772 181 810 Num
196 783 245 822 opus
256 772 327 809 inisset
339 757 373 808 tali
386 771 503 819 interprete,
520 769 536 806 si
549 769 652 818 Bihliorum
667 771 733 808 versio
741 770 789 819 *Sy-

38 839 90 877 riaca
108 837 134 875 ihi
153 839 171 874 in
191 848 225 874 usu
244 832 318 874 luerit?
339 833 377 887 lli]
395 832 501 872 Antiochia
515 833 532 870 si
546 835 609 884 patria
624 836 678 872 esset
692 836 789 873 versionis

38 901 146 953 Simplicis,
170 902 283 942 mentionem
301 901 341 940 cius
361 901 439 952 saepius
459 899 561 950 magisque
576 902 683 940 accuratam
698 913 709 938 a
723 900 790 939 Patri-

38 969 74 1007 lms
92 967 332 1006 iactamdesideraremus
350 968 370 1008 et
389 968 458 1007 laruam
476 964 532 1005 huius
550 967 630 1015 arigium
650 966 712 1017 aliquo
733 967 789 1006 modo

39 1034 168 1087 superstitem.
198 1032 271 1075 Contra
293 1045 341 1074 vero
362 1035 395 1087 qui
415 1033 465 1073 ultra
486 1031 603 1085 lluphratem
623 1031 791 1084 degebantSyri,

39 1113 76 1140 uuo
95 1112 129 1140 ore
148 1110 214 1140 omnes
231 1101 250 1139 in
263 1100 350 1139 Edessae
370 1112 424 1138 usurrr
443 1099 552 1139 versionem
571 1098 680 1150 Simpliccm
698 1100 791 1154 scriptam

40 1178 85 1206 esse
99 1166 229 1217 tradiderunt,
243 1166 273 1205 eni
286 1166 315 1204 rei
327 1164 421 1217 Syrorum
436 1164 581 1206 occidentalium
597 1177 652 1204 nemo
667 1165 717 1218 qrrod
731 1159 790 1206 sciam

39 1234 152 1281 refragatus
171 1235 208 1272 est.
236 1230 275 1284 ln)
293 1231 314 1271 ln
329 1231 385 1272 Actis
400 1231 539 1284 Apostolorum
553 1232 596 1271 loco
610 1233 791 1283 superaetherea-

40 1298 101 1338 sclrito
126 1298 185 1338 hahet
207 1298 351 1350 „mammes
372 1298 423 1337 rrnde
442 1299 461 1337 ni
479 1298 538 1337 fallor
557 1298 625 1348 colligi
644 1300 721 1351 potest,
746 1312 791 1339 esse

4 1364 6 1367 ’
39 1366 130 1417 scriptam
144 1366 253 1406 versionem
267 1366 286 1403 in
300 1367 387 1415 regione,
402 1368 459 1405 extra
473 1365 522 1404 lines
536 1365 610 1417 imperii
623 1364 704 1404 Romani
719 1369 791 1417 posita.

40 1444 187 1496 Μεσοποταμία
199 1440 246 1483 Act.
257 1440 285 1480 ll.
300 1441 385 1481 redditur
397 1436 472 1502 <almi
483 1433 544 1481 ΔΩ.
565 1439 602 1494 u]
615 1441 713 1494 Exerupla
732 1457 792 1497 supra

40 1510 111 1550 collata
124 1511 140 1549 si
156 1509 264 1549 accuratius
277 1509 431 1560 irrvestigauus,
451 1509 533 1549 maxime
547 1507 633 1546 monachi
648 1512 693 1549 sunt
706 1512 738 1563 qui
749 1511 792 1563 Sy-

40 1578 91 1617 riace
115 1577 135 1615 et
158 1575 218 1616 locuti
240 1575 284 1614 sunt
306 1575 326 1614 et
346 1574 477 1628 scripserunt,
501 1586 604 1626 eorumque
621 1573 671 1614 haud
689 1578 745 1628 pauci
764 1590 791 1617 cx

40 1642 183 1694 Mesopotamia
200 1641 297 1693 advenae,
316 1644 337 1682 ut
352 1640 431 1682 isaacus
447 1644 551 1698 presbyter
567 1641 700 1682 Antiocheuns
715 1644 792 1698 aliique.

41 1709 96 1764 erod
110 1711 130 1748 nt
143 1709 213 1748 clarius
228 1709 327 1759 patescat,
344 1720 369 1746 ex
384 1708 502 1748 Theodereti
516 1707 598 1748 historia
611 1709 707 1759 religiosa
722 1722 792 1749 exerra-

41 1776 73 1828 pla
89 1775 139 1814 haud
153 1787 214 1826 pauca
228 1775 283 1813 nohis
298 1777 378 1826 praesto
391 1777 442 1814 suut.
470 1774 522 1814 luter
537 1786 584 1825 eos,
602 1776 634 1826 qui
645 1770 699 1826 primi
711 1776 730 1814 iu
743 1776 791 1815 lile-

41 1841 167 1893 sopotanriam
182 1842 240 1893 vitam
258 1842 379 1881 monasticam
394 1842 521 1893 invexerunt,
540 1840 625 1880 lulianus
641 1842 695 1881 Saba
708 1855 719 1882 a
734 1844 792 1894 Syris

42 1908 162 1957 eelehratur,
183 1907 207 1945 ad
225 1918 279 1958 qrmm
294 1908 369 1959 plurimi
381 1909 445 1949 statim
460 1908 549 1960 discipuli
562 1919 584 1947 se
598 1908 730 1960 contuleruut,
743 1910 792 1949 iuter

42 1987 90 2027 qrros
109 1975 170 2012 i'uissc
190 1973 274 2012 refertur
291 1973 394 2026 Asterius,
419 1970 536 2028 qui'deinde
552 1975 602 2014 eirca
621 1974 740 2026 (landarum,
761 1979 792 2028 qni

41 2040 212 2083 vieusmaxnuus
237 2040 267 2078 est
290 2041 325 2080 suh
340 2040 453 2092 Antiochia,
470 2040 586 2092 palaestram
605 2039 648 2079 lixit
666 2044 791 2082 monasticam

41 2107 150 2157 multosque
172 2118 237 2169 secnprr
258 2108 396 2156 congregavit.
428 2106 482 2147 Unde
501 2107 550 2145 exiit
567 2107 663 2158 Acacium,
682 2108 792 2156 llerrhoeae

42 2174 157 2225 episeopus,
180 2183 235 2222 quem
256 2171 275 2209 in
289 2174 424 2222 perseeutione
436 2171 535 2223 Valentis,
553 2173 634 2212 hleletio
649 2186 675 2212 err
689 2174 793 2216 Antiochia

42 2238 89 2278 urhe
108 2237 183 2288 eiecto,
207 2238 283 2277 mittunt
301 2238 416 2290 Flavianus,
434 2238 532 2279 Diodorus
550 2241 570 2278 et
583 2239 696 2291 Apruaates
711 2242 735 2282 ad
751 2243 790 2283 Sa·
823 2264 825 2266 v

41 2304 85 2345 ham
97 2315 157 2355 supra
169 2302 276 2354 laudatum,
290 2306 312 2343 ut
320 2304 410 2346 Arianam
423 2306 514 2345 ilarunrarrr
524 2307 667 2357 exstingueret.
690 2307 723 2347 Ad
738 2320 793 2361 quern

43 2372 137 2422 nuntium,
159 2370 214 2423 quasi
230 2370 273 2421 ipse
288 2371 397 2417 ardraeulum
412 2374 477 2424 essct,
499 2371 578 2413 deserte
591 2374 671 2426 relicto,
689 2379 793 2428 postquam
812 2383 815 2389 ·
844 2423 851 2430 Α

42 2436 171 2491 quiadr'agiuta
190 2449 248 2476 anuos
264 2437 358 2479 hominnm
379 2439 473 2480 dernicllia
493 2440 575 2491 vitavit,
596 2440 659 2481 Sabas
672 2441 794 2482 Antiochiam

42 2506 80 2545 iter
95 2505 143 2544 fecit
160 2505 181 2543 ct
199 2517 239 2544 enm
257 2503 361 2553 haereticis
381 2506 472 2546 condixit.
499 2505 606 2546 iilunaclurs
622 2507 671 2547 alter
684 2508 794 2549 hiarciuuus

44 2575 98 2625 erat,
122 2571 212 2612 oriundus
237 2583 263 2610 ex
284 2570 350 2625 Cyro,
375 2573 426 2626 qrrod
445 2568 534 2626 oppidum
559 2574 638 2614 duorum
664 2575 735 2614 dierum
759 2577 796 2616 iter·

111 2714 129 2756 r)
141 2713 249 2760 Scythopolis
261 2724 271 2749 a
283 2714 346 2749 Troiae
360 2719 376 2749 et
388 2699 464 2751 datram
478 2715 540 2750 dicitur
550 2715 618 2759 Busan,
630 2719 699 2753 nomine
711 2729 731 2753 ex
744 2718 795 2752 Beth⁴
831 2721 832 2724 ’

43 2773 75 2800 san
86 2773 176 2812 corrupto,
193 2775 211 2805 ut
222 2772 240 2805 in
252 2769 330 2806 illiselrna
343 2770 384 2819 tvl:
397 2772 467 2807 occurit.
490 2771 516 2807 (li.
525 2770 618 2807 Relandum
632 2784 646 2808 s.
655 2784 671 2809 v.
681 2773 796 2818 Suyllropolir.
