1786 3062
96 162 137 204 ele

103 264 205 316 tateuclrus
227 264 373 326 Samaritanus,
397 274 415 314 ln
433 271 515 313 Psalmis
538 284 586 312 uero
612 271 677 312 versio
697 271 812 313 drumniaco
830 275 850 313 ct

103 340 197 392 Coptica,
218 329 356 396 Heracleensis
372 343 398 383 ot
422 338 563 391 Curcaplreusis
585 336 727 393 recreandum.
761 338 849 389 Singulis

103 408 144 446 fere
158 407 237 460 paginis
252 404 414 450 ructantur'euau
427 407 494 447 variae
508 406 664 445 Nestoriauorum
676 406 811 456 punctatioues
822 402 849 459 ²].

112 516 118 521 s
166 470 233 527 Atque
250 474 281 516 lule
301 475 376 529 quidem
392 473 481 515 alusoluta
495 474 526 512 est
537 472 666 513 lacebitarum.
677 467 759 514 luistoria
770 473 850 514 littera·
887 459 893 518 Ξ

103 540 138 579 ria.
165 540 220 595 Quuae
238 541 277 582 Bar
295 542 380 584 Salihaei
400 543 420 582 et
433 539 579 586 Bur-llelmaei
593 538 711 591 temporibus
720 540 850 581 'retlorescere
888 546 893 594 ξ

103 605 202 657 paululum
214 602 422 661 uidebaturSyuorum
436 598 507 657 religio
521 608 542 646 et
555 606 648 659 eruditio,
667 606 717 646 lraud
732 606 791 649 urulto
806 608 852 659 pest

48 665 52 667 ⁷
104 675 181 726 penitus
205 676 300 715 exstincta
319 678 360 728 est,
384 689 440 729 quum
459 674 551 714 illarululri
572 675 630 713 totam
646 673 724 723 Syriam
743 674 851 714 vastarent.

105 739 156 793 Quot
167 741 246 782 ,tandem
261 742 294 783 illa
308 744 364 792 regio
379 742 463 792 experta
478 742 509 779 cst
523 740 647 779 lrarlrarorum
661 741 747 790 gentium
761 742 852 781 invasio·

105 817 152 858 ues,
181 806 249 859 quilms
269 807 336 848 Asiam
360 807 498 857 degeneratam
518 802 609 859 ‘tunquam
629 809 719 859 praedam
741 818 852 848 consumere

104 872 175 912 Divino
194 874 269 917 munuine
287 872 368 923 obtigit!
393 873 440 924 Syri
458 873 533 925 quidem
552 872 663 912 Nestoriaui
681 875 729 914 satis
748 873 817 914 callide
833 874 852 912 et
891 874 893 919 ξ

106 938 206 978 aurbitiose
224 940 368 980 insinuaverant
387 951 409 979 se
430 939 506 980 lucetiis
525 938 637 992 artibusque
655 941 695 980 suis
715 941 766 994 apud
787 951 852 979 onmes

101 1005 148 1045 ¹fere
166 1007 238 1055 gentes
256 1007 276 1045 et
294 1006 397 1057 dynastas,
423 1006 455 1058 qui
473 1003 522 1043 Asin
534 1006 591 1055 potiti
607 1010 662 1055 suut;
679 1009 714 1047 sed
728 1020 752 1046 ne
765 1008 792 1047 ita
807 1007 852 1058 quui·

107 1070 149 1109 dem
168 1083 236 1123 pacem
251 1072 355 1111 diuturnam
370 1074 389 1112 ct
403 1071 526 1111 barbarorum
541 1072 622 1120 gratiam
638 1074 704 1126 adepti
717 1076 768 1113 suut.
794 1070 853 1112 laco·
892 1125 893 1132 ἵ

105 1137 160 1175 bitae
181 1149 207 1176 ex
225 1137 308 1177 urlrihus
323 1138 342 1177 iu
360 1137 415 1178 vicus
432 1136 511 1187 reiecti,
537 1149 563 1175 ex
582 1137 642 1188 Syria
661 1141 680 1190 iu
697 1128 814 1192 Aegyptum
833 1141 854 1179 et
892 1159 893 1162 ¹

106 1202 266 1255 Mesopotamiam
286 1205 381 1254 fugaces,
405 1204 423 1242 in
445 1202 540 1243 montibus
564 1206 584 1244 et
602 1208 758 1247 monasteriorum
777 1206 853 1246 arcibus

106 1269 186 1308 reclusi
197 1269 244 1310 licet
263 1280 402 1322 saepenumero
419 1269 536 1322 disciplinam
556 1273 576 1309 et
595 1271 709 1321 religionem
719 1271 739 1328 ³)
758 1274 853 1325 antiquam

107 1336 212 1376 reformare
231 1337 252 1375 et
268 1337 372 1376 restituere
391 1338 524 1389 susceperint,
546 1349 630 1390 eousque
652 1339 727 1379 taudem
748 1340 854 1379 couuuiuuti

107 1403 128 1441 et
144 1403 217 1443 detrusi
236 1404 290 1454 sunt,
312 1404 334 1442 ut
347 1393 397 1456 quae
413 1414 477 1443 eorum
492 1406 596 1456 supersunt
609 1405 713 1459 reliquiae,
731 1409 793 1447 testes
808 1410 852 1447 tau-

106 1470 208 1509 tummodo
219 1469 320 1508 uideantur
336 1470 416 1508 excisae
436 1470 456 1508 et
472 1463 585 1527 deperditae
600 1474 666 1521 gentis
677 1463 706 1526 ⁴)ss
731 1472 796 1512 lustas
808 1472 853 1512 lue-

106 1537 151 1575 runt
164 1546 250 1588 poenas,
265 1534 316 1588 qnod
331 1537 408 1574 arceto
423 1535 520 1575 doetrinae
535 1538 626 1590 vitaeque
641 1540 716 1580 tumuite
729 1539 854 1580 declinarant.

106 1600 181 1655 Quanta
198 1602 257 1641 luerit
274 1605 360 1653 tempore
379 1600 455 1641 loannis
473 1602 565 1654 Scurrae,
583 1603 710 1654 Iueohitarnm
724 1607 854 1659 patriarchae,
869 1617 871 1620 ·

106 1665 136 1720 [a.
157 1665 229 1721 1208.)
249 1667 358 1720 praesidum
378 1669 535 1708 monasteriorum
558 1671 656 1719 temeritas
675 1673 695 1710 ct
708 1673 805 1726 audacia,
827 1686 853 1714 ex

105 1733 187 1774 luistoria
206 1734 307 1775 Simeonis
320 1732 408 1787 (Assem,
427 1733 453 1772 ll.
473 1748 493 1786 p.
513 1735 571 1789 234.)
591 1737 658 1777 uidere
677 1739 729 1780 licet.
756 1740 853 1792 Tempore

106 1799 189 1840 Tinruris
208 1798 292 1853 (1496.)
314 1794 425 1841 coenobium
445 1800 622 1843 ditissimum'illar
638 1803 726 1846 Ananiae
746 1806 854 1848 calamitate

172 1992 191 2035 1)
207 1990 246 2025 Non
260 1992 316 2036 inepte
332 1992 438 2031 Wisemuuus
454 1994 531 2033 conuicti,
548 1992 695 2031 Bar-Hebraeum
711 1997 810 2034 Psalieuium
822 2011 853 2045 pe-

81 2066 83 2068 >
105 2047 190 2092 lpglotion
206 2046 293 2081 habuisse.
321 2047 345 2081 l]e
357 2047 442 2082 Pentrorie
455 2048 554 2092 rpriumpliei
566 2048 605 2082 udde
616 2049 705 2086 Blunoluiui
716 2052 782 2101 Euuug.
795 2056 854 2101 quinutu.

104 2101 125 2137 ll.
137 2112 177 2147 pag.
187 2100 245 2137 ueri.

146 2199 148 2203 ,
170 2176 190 2221 2)
201 2176 266 2211 iissem.
278 2176 298 2211 ΙΙ.
311 2187 326 2221 p.
338 2179 376 2214 260.
389 2190 414 2224 sq.

150 2279 153 2283 ,
169 2252 189 2295 3)
203 2251 344 2287 Bar-Heluuens
359 2254 408 2286 testis
425 2256 458 2295 est,
474 2253 564 2287 lrisioriam
577 2253 626 2288 lituis
642 2255 699 2291 uiuitis
712 2261 802 2295 tractatam
814 2271 852 2297 esse

104 2305 126 2339 alr
141 2305 228 2341 lucebitis.
255 2306 376 2342 cmuumomn
388 2318 459 2353 rnaguns
471 2312 606 2350 ercammarus,
624 2320 694 2353 [prorum
706 2314 788 2356 <praedam
801 2317 819 2348 in
830 2301 864 2348 li-v

103 2360 140 2394 imis
153 2360 195 2394 illss.
212 2360 267 2394 adhue
283 2365 400 2406 reperiuntur,
420 2362 464 2396 uude
480 2362 548 2408 mutuum
562 2362 584 2395 ad
595 2361 683 2400 lristouiam
695 2366 747 2402 Asiae
759 2369 852 2413 explanan-

103 2413 141 2448 dam
157 2415 233 2462 eenlerri
247 2419 309 2459 potest.
335 2416 369 2461 Sed
384 2419 455 2465 unanime
471 2415 549 2458 Patr-um,
565 2416 657 2454 Doctorum
675 2424 691 2455 et
702 2421 797 2468 lllautprum
809 2427 851 2460 aclis

103 2468 231 2505 delectabantur
251 2470 300 2516 Syri,
322 2481 392 2516 quorum
410 2472 483 2524 quinque
504 2479 556 2515 supra
575 2476 640 2507 eentum
661 2479 677 2508 et
698 2477 759 2522 uiginti
774 2479 851 2514 numerat

101 2522 248 2560 Bar—Hebraeus.

168 2583 350 2632 enerachitarum
366 2588 465 2633 patriarcha
480 2601 534 2636 prope
547 2590 620 2628 illaudeu
636 2594 706 2630 sedente
716 2598 735 2631 in
746 2601 850 2634 ruonusierio

102 2639 231 2686 Zaplraranensi
249 2649 265 2680 et
281 2646 302 2680 de
318 2645 432 2680 lucobilurum
448 2646 493 2680 cultu
511 2647 568 2683 dluino
581 2648 604 2685 ci.
615 2648 743 2695 Buckiugluum,
758 2651 821 2687 Reisen
832 2656 851 2689 iu

100 2694 237 2741 Mesopotamiam
252 2700 319 2744 (Berlin
334 2701 393 2744 1823.)
408 2710 424 2744 p.
439 2702 478 2737 225.
490 2712 516 2747 sq.
541 2702 610 2749 Lingua
626 2702 698 2748 Syriaca
713 2707 731 2739 iu
743 2707 788 2742 cultu
800 2718 850 2743 sacro

86 2749 205 2796 >diuidemus
220 2762 231 2787 a
245 2754 300 2798 piebis
317 2760 366 2802 cupio
383 2756 445 2792 aliena
468 2754 526 2799 Eidem
541 2761 627 2793 ostensum
639 2763 665 2794 est
675 2761 760 2807 exemplar
771 2761 850 2810 Euange-

99 2804 159 2842 liorum
172 2809 320 2855 pretiosissimum.
