1786 3062
90 166 132 210 ‘ale

92 280 169 331 Sporus,=
180 276 216 317 sed
227 278 284 327 patre
299 276 355 330 ortus
367 274 468 325 ilelrraeo,
483 283 543 324 quare
557 272 619 312 dietus
633 267 695 321 rorigo
710 269 758 310 Bar
768 292 779 299 -
789 267 823 308 ne

93 347 189 392 braeus.
218 342 328 393 Gregorius
342 339 500 392 Aiudpharagius
514 341 570 377 natus
586 351 603 377 a.
618 335 684 388 leae,
702 337 765 388 patria
780 333 841 392 dieii·

94 412 185 461 eiramis,
213 409 261 464 obiit
284 420 333 448 amm
355 408 408 447 vitae
432 398 557 456 sexagesimo
583 417 600 443 a.
623 400 690 453 1286,
716 401 842 457 Mapirrianus

92 477 226 518 iacobitarum.
259 475 344 528 Scripsit
359 474 426 514 librum
442 473 507 512 horrei
525 472 671 523 mysteriorum,
690 471 709 509 in
728 483 764 523 prro
780 468 842 510 colle·

96 568 130 618 git,
150 542 292 618 expositionem
315 564 335 603 et
356 548 461 603 eorreetam
479 562 581 602 lectionem
602 535 686 618 ΗΜΘ
704 528 766 629 ΞΞΟΞ)
784 558 843 598 totius

96 643 169 685 Sacrae
189 642 309 693 Seriptrrrae.
341 641 399 679 Latet
417 630 478 678 adhue
496 640 515 677 in
532 635 689 694 bibliothecarum
706 634 844 686 dianuseriptis

96 710 133 750 hoe
153 706 299 748 Bar—Hebraei
320 705 421 755 horreum,
443 706 462 744 in
483 717 520 756 qum
540 704 635 753 veniarum
654 701 757 742 lectionum
776 700 845 754 ubique

97 762 209 815 mentionem
225 773 272 814 naen
285 773 367 813 maxime
383 782 458 820 eurum,
478 758 650 822 quastesturiani
664 770 779 819 sequantur,
798 779 845 819 puras

97 843 161 881 tamen
178 840 220 877 fere
239 826 304 877 omines
323 837 365 876 sola
384 837 456 888 puneta
475 833 552 874 vocalia
566 835 665 884 respicere
680 835 763 873 testatur
776 833 846 872 Wise-

97 917 171 944 uranus·
198 897 250 945 Sunt
269 903 388 955 potissimum
409 902 534 953 quaestiones
555 900 725 951 grarumatieaeet
739 899 847 949 orthogra-
890 901 893 955 [

98 969 179 1022 phieae,
193 968 212 1005 in
222 969 291 1020 quibus
300 969 442 1007 aestimatorem
451 978 473 1006 se
482 968 530 1007 satis
538 963 649 1017 iurigandum
659 969 678 1018 et
687 966 777 1015 trigidum
787 977 847 1016 prae-
890 1004 893 1023 3

99 1036 134 1075 luet
146 1036 178 1074 uir
186 1033 312 1073 'doetissimus
322 1033 348 1088 Ι).
375 1033 440 1086 lpsum
454 1033 520 1074 audias
536 1033 559 1073 de
573 1032 659 1083 Simpliei
674 1029 765 1084 [maxime
776 1032 800 1070 V.
810 1030 847 1083 Τ.)

99 1101 149 1141 liaeo
167 1094 304 1139 disserentem:
324 1100 436 1152 „Quoniam
454 1110 503 1137 veru
522 1097 570 1136 iraee
589 1098 678 1149 Simplex
697 1098 774 1148 versio,
798 1107 847 1149 quae
891 1113 893 1146 3

99 1167 208 1206 Hebraeae
224 1165 318 1205 consonat
334 1167 354 1204 et
372 1166 428 1204 iuxta
441 1163 544 1202 Eusebium
561 1161 712 1203 caesareensem
729 1163 752 1210 alr
768 1162 848 1213 Origine

102 1232 152 1285 apud
173 1231 251 1272 uiduam
273 1229 365 1284 quandam
392 1232 471 1282 reperta
492 1233 535 1280 est,
559 1230 652 1279 Syrorum
672 1230 757 1268 ruauihus
778 1229 848 1283 ubique

102 1300 181 1350 teritur,
206 1298 267 1348 ipsam
284 1297 331 1337 lieet
350 1297 494 1348 quassatum
513 1295 696 1335 inindumentum
717 1296 802 1347 sulrieei,
824 1308 849 1335 ex

63 1400 66 1406 .
94 1364 220 1404 Graecorum
238 1373 287 1400 vero
307 1361 325 1400 ir.
341 1375 359 1401 e.
374 1362 449 1402 LXXII
461 1362 586 1412 interpretum
601 1363 692 1401 versione
706 1363 729 1401 ad
744 1364 786 1401 eius
801 1374 849 1402 uou‹

101 1430 225 1470 imirationem
244 1426 300 1478 plura
317 1427 400 1478 adduxi,
426 1427 510 1481 Apuriiae
524 1438 572 1466 veru
587 1428 607 1467 et
623 1427 732 1478 Syrrrruaelri
747 1431 767 1468 et
781 1429 850 1469 Theo*

103 1487 186 1536 dotiouis
202 1494 304 1534 versiones
321 1484 459 1541 declarationis>
473 1505 510 1532 non
525 1493 672 1533 eoniirnmtiouis
684 1507 743 1534 eausa
756 1494 851 1545 pr'uturii.“

103 1561 167 1600 Affert
184 1560 253 1598 deiude
272 1560 463 1599 sententias'rarias
478 1560 502 1598 de
517 1559 592 1608 urigine
606 1562 702 1600 versionis
716 1559 742 1599 V.
758 1559 782 1599 Τ.
798 1560 852 1600 Sim-

103 1627 159 1680 plieis
178 1625 271 1677 simulque
292 1638 345 1666 vers.
359 1624 462 1666 Philonem.
476 1626 589 1664 mentionem
603 1626 661 1678 feeit,
682 1628 702 1665 nt
716 1638 776 1677 supra
789 1627 852 1664 raoni-

92 1686 144 1747 vtum
165 1693 210 1730 est
227 1689 280 1730 Dieit
299 1693 363 1730 arrtem
377 1690 665 1743 Bar-Hehraeus'Simpiieem
680 1694 791 1743 quassatum
807 1693 853 1731 inn-

105 1757 212 1797 damentum
230 1756 297 1810 eodem
316 1767 385 1806 seusu,
408 1768 445 1808 quo
460 1756 498 1796 aiio
517 1757 562 1796 loeo
579 1757 609 1809 [in
623 1756 760 1810 Grammatico)
775 1769 852 1798 errores

105 1823 197 1876 quosdam
218 1822 238 1861 in
253 1833 276 1861 ea
290 1821 408 1874 deprehendi
421 1823 499 1874 scribit,
519 1822 586 1874 qrribus
601 1824 620 1861 in
634 1825 770 1872 gr'arrmuatieae
786 1827 806 1863 et
818 1836 853 1863 re-

106 1892 149 1929 ctae
174 1889 266 1928 erationis
288 1888 347 1938 leges
365 1890 466 1938 peceatum
484 1888 517 1928 sit.
551 1888 642 1928 Gorrtinet
660 1890 708 1928 euim
727 1883 854 1931 Grarnrnatiea

104 1957 147 1998 ,eius
161 1956 259 2003 integrum
271 1952 307 1993 luae
321 1954 345 1992 de
358 1964 380 1992 re
395 1953 480 2004 titutum,
501 1966 537 2005 upra
552 1955 635 2005 probare
649 1955 725 2006 studet,
744 1956 853 1996 versionem

106 2025 144 2063 reia
162 2020 218 2062 ixx
237 2031 282 2059 esse
302 2019 387 2072 Siurpliei
404 2019 463 2059 inulto
481 2021 605 2060 exactiorem.
632 2021 741 2074 Simplieem
761 2024 809 2061 eninr
828 2023 855 2061 ait

106 2083 273 2140 esseruamffl),
298 2088 407 2126 versionem
425 2086 563 2127 hXXniraierrr
586 2090 694 2128 accuratam
714 2089 734 2127 et
752 2087 853 2140 probatam

106 2171 236 2179 ...we-—

107 2231 214 2262 externarum
231 2229 293 2273 quique
310 2226 331 2261 ab
350 2237 395 2262 anrru
412 2229 473 2262 aetatis
487 2229 570 2272 vigesimo
587 2240 641 2276 usque
654 2219 676 2265 ad
688 2231 763 2265 ultimum
777 2233 855 2277 spiritum
882 2259 885 2272 ,

108 2291 118 2317 a
130 2282 203 2317 ieetione
214 2283 433 2327 etseriptioue—nunquam
446 2284 537 2317 oossavitf‘

134 2343 139 2355 ¹
174 2345 193 2389 1)
207 2344 279 2388 Scripsit
294 2348 331 2389 ipse
346 2344 486 2380 Bar-Hebraeus
502 2348 629 2392 grarrmratioarn
646 2346 700 2382 fusius
713 2343 812 2393 explieatam
825 2349 856 2392 (ii-

106 2401 155 2435 iorum
166 2398 295 2443 splendorurn),·
310 2402 431 2450 grammatieae
443 2404 538 2445 epitomen,
554 2411 603 2447 quam
615 2404 731 2445 imperieetam
744 2405 813 2449 reliquit
824 2404 854 2447 (ii-

106 2452 300 2497 ariomanitarum),
319 2453 391 2498 denique
403 2457 529 2498 grarurnaiieam
541 2456 657 2490 breuissimum
669 2459 723 2490 ruetro
735 2456 752 2491 S.
765 2455 857 2502 Ephraemi

107 2510 214 2544 surueinotmn.
685 2513 687 2516 ⁴

172 2583 192 2627 2,)
203 2561 294 2632 Bassa!
308 2593 319 2618 a
330 2577 368 2618 rad.
377 2579 444 2628 Ἃ».
457 2594 485 2628 pp.
494 2586 544 2629 niger
553 2584 591 2627 init,
599 2580 629 2619 Pa.
639 2585 738 2629 simpliciter
747 2586 792 2629 feeit,
804 2586 855 2631 piane

107 2671 194 2713 eiaperie
210 2671 251 2714 egit.
272 2669 313 2704 Inde
326 2647 420 2717 &2233
437 2671 517 2721 simplex,
538 2673 707 2716 sirreerns,'pumm,
728 2651 766 2706 noir
779 2673 855 2708 caelatus

106 2734 180 2769 admInta
195 2738 252 2770 tanrerr
269 2737 338 2770 notione
353 2739 400 2778 eins,
419 2736 464 2780 quod
478 2739 580 2771 ornamentis
594 2739 662 2778 eareat,
677 2745 773 2782 eommmre,
789 2741 854 2784 prorni-

105 2799 163 2823 seuunr
175 2793 191 2825 et
202 2789 284 2826 insulsum
295 2791 323 2825 sit
345 2790 394 2828 iude:
412 2790 478 2833 fatuus,
496 2789 567 2833 stritus,
583 2791 645 2827 idiota.
695 2817 699 2819 .
