1786 3062
769 137 807 180 clv

43 254 95 293 uitae
104 253 193 304 utuntur,
208 252 275 293 Libani
284 250 362 306 accolae
372 263 408 290 urna
417 263 456 291 cum
468 245 581 297 Cliristianis
591 253 612 293 S.
622 252 709 293 Tlromac
716 253 736 293 in
743 253 796 297 ludia

43 320 143 371 extrema,
158 332 207 372 quae
218 332 254 373 per
264 320 295 359 tot
303 308 381 358 saecula
389 319 407 358 in
416 319 501 371 plurimis
511 318 571 359 Asiae
580 320 668 373 partibus
677 320 750 372 viguit,
761 333 797 363 ec-

42 386 106 426 clesiis
120 387 207 426 maximis
221 388 292 426 usitata
303 387 323 424 et
332 385 405 437 pluries
414 386 512 436 descripta
525 387 626 437 magisque
635 387 723 426 lectitata
733 388 752 426 in
761 400 796 427 rc-

43 453 82 502 giis
97 454 117 493 et
128 454 147 493 iu
163 452 263 504 claustris,
276 453 295 491 in
309 452 355 491 aurire
368 463 429 504 aeque
443 464 466 490 ac
474 450 565 502 deserto,
579 465 634 505 quam
642 454 679 492 vix
687 453 748 493 altera
757 467 796 494 urn-

43 531 99 571 quam
108 520 174 558 versio
180 520 290 571 Bibliorum,
301 531 348 571 quiae
358 520 387 558 tot
396 520 454 556 nacta
463 518 494 555 est
501 519 668 568 conrrnentatores,
677 520 729 557 cuius
737 532 796 571 quae-

43 585 75 624 vis
89 585 130 623 lere
139 584 190 624 linea
199 585 344 640 litterarumque
355 586 421 641 apices
430 583 514 621 criticam
524 593 587 621 curam
597 582 735 634 sollicitarunt,
748 583 797 625 lraec

43 640 183 707 ipiturversio
198 651 277 704 aSyris
294 651 389 704 „lreata“
403 650 465 701 (licta,
481 662 562 702 prorsus
572 650 657 690 incertae
669 651 700 690 est
709 651 797 704 originis,

46 718 111 768 uragui
121 718 175 757 duvii
183 720 255 769 instar,
269 720 322 758 onius
332 719 395 756 fontes
405 717 510 757 inaccessis
520 717 608 756 montium
622 718 642 756 et
651 716 759 756 solitudinis
765 717 797 757 la-

45 785 104 824 tehris
119 784 214 823 tenentur.
243 784 269 823 Ut
288 795 337 822 vero
356 784 470 834 seutentiam
483 783 566 820 feramus
586 782 610 821 de
627 782 683 821 huius
700 785 797 824 versionis

5 874 6 886 2
39 851 133 900 origiue,
152 860 189 901 qno
209 849 307 899 tempore,
326 859 363 899 qua
377 848 463 896 ratione,
482 847 514 885 uiri
528 847 624 899 locorum,
643 849 710 900 quuihns
725 863 736 889 a
749 851 798 890 viris
850 879 851 882 =

43 916 117 967 scripta
135 914 230 965 sitsvia
249 915 298 954 satis
317 914 387 953 rrnrnita
402 916 421 953 et
436 912 555 963 complanata
567 914 730 965 progrediendum
742 916 798 955 nobis

44 984 83 1033 est,
110 980 245 1019 uxanucms
259 981 320 1030 igitur
333 981 425 1031 primum,
440 978 485 1031 quiid
500 978 538 1031 ipsi
550 978 597 1029 Syri
608 978 644 1018 hac
659 980 683 1018 de
697 992 719 1019 re
734 980 797 1030 vulgo

44 1047 134 1088 traditum
149 1045 243 1092 habeant3
270 1045 352 1097 prolatis
370 1044 438 1084 deinde
454 1044 589 1097 antiquissimis
603 1045 700 1084 versionis
715 1047 798 1087 testibus

44 1113 105 1167 ipsius
118 1112 200 1153 indolem
216 1112 341 1152 strationem
356 1112 490 1163 inspiciamus,
510 1111 591 1163 denique
607 1112 738 1165 consulamus,
754 1115 799 1167 quiid

44 1191 107 1218 neruum
124 1179 213 1230 ipsarum·
227 1178 310 1218 conditio
330 1178 353 1216 de
373 1178 448 1227 origine
467 1180 487 1217 ct
502 1179 588 1229 ternpore
607 1179 738 1219 translationis
753 1179 797 1231 Sy-

45 1234 110 1285 riacae
125 1245 222 1296 auspicari
236 1244 325 1283 suadeat.
614 1291 617 1294 ‚

112 1310 128 1350 l.
158 1312 277 1363 Syrorum
297 1309 459 1350 traditionem
477 1310 500 1349 dc
519 1310 605 1360 tempore
620 1312 751 1352 translationis
763 1313 799 1352 Bi-

46 1378 127 1418 lrliorum
145 1374 240 1427 Syriacae
258 1376 313 1416 allent
330 1376 499 1416 Bar-Hebraeus
515 1372 533 1428 ¹]
554 1376 572 1414 iu
593 1379 691 1427 prooemio
706 1378 749 1418 libri
769 1381 799 1418 sni

46 1444 87 1502 itti?
103 1442 149 1524 330]
169 1449 282 1504 (thesaurus
301 1450 434 1505 arcanorum),
457 1452 489 1502 qui
508 1455 660 1492 commentantium
682 1454 761 1494 exlrihet
780 1456 799 1494 in

46 1523 107 1560 totam
118 1518 250 1568 scripturam,
263 1516 312 1556 lmec
328 1518 414 1557 scribens
428 1518 451 1556 de
465 1517 557 1557 versione
566 1517 671 1569 Snuplice:
689 1548 702 1571 „
708 1519 800 1574 Quoniam
861 1553 863 1555 .

47 1586 113 1627 versio
134 1585 173 1623 ista
188 1583 278 1634 Simplex
295 1585 314 1622 iu
331 1584 418 1623 manibus
433 1582 526 1634 Syrorum
541 1585 611 1636 ubique
626 1587 712 1633 gentium
727 1600 799 1627 verse·
840 1599 842 1602 ’

47 1654 88 1700 tur,
112 1651 173 1701 ipsam
198 1650 286 1700 ‹purcravis
305 1651 417 1702 quassatum
438 1649 578 1689 frundamentum
600 1652 694 1702 supposui
709 1647 736 1705 ²).
753 1681 758 1691 .
773 1681 799 1694 .,

47 1718 78 1757 Dc
94 1717 170 1766 origine
186 1717 227 1754 tres
241 1718 296 1755 eraut
310 1716 429 1765 sententlae,
452 1715 512 1765 prima
526 1717 576 1767 quod
591 1718 677 1767 tempore
692 1718 801 1758 Salomonis

47 1785 68 1824 ct
80 1783 153 1823 Hirami
168 1781 246 1831 Regum
265 1793 360 1821 conversa
379 1781 447 1831 iuuerit,
471 1782 556 1822 secunda
577 1785 627 1835 qnod
643 1783 686 1824 Asa
700 1786 800 1837 sacerdos,

49 1862 105 1903 quum
120 1861 147 1888 ex
156 1847 240 1898 Assyrio
254 1848 324 1886 missus
340 1848 377 1886 suit
388 1847 407 1885 in
416 1846 532 1899 Samarimu,
547 1860 588 1888 eam
598 1851 729 1897 transtulerIt3
743 1854 801 1891 tertia

48 1916 134 1965 tandem,
150 1913 199 1965 qurod
208 1914 273 1951 aetate
285 1911 347 1963 Adaei
355 1910 450 1963 Apostoli
458 1914 478 1951 et
486 1910 563 1963 nugam
572 1916 627 1965 regis
638 1915 733 1955 Osrlroeni
742 1928 801 1956 versa

48 1982 117 2033 inerit,
142 1991 188 2032 quo
209 1981 320 2030 tempore
340 1978 414 2016 etiam
432 1977 527 2018 Novum
548 1980 734 2025 Testamentum
756 1995 801 2021 ea-

49 2048 99 2086 dem
122 2044 235 2097 simplici
258 2044 335 2082 forma
357 2043 495 2082 traductum
514 2044 580 2082 est.“
612 2046 666 2094 Ergo
687 2046 710 2084 dc
731 2046 754 2085 V.
774 2047 800 2085 Τ.
820 2060 823 2062 “

49 2111 173 2152 translatione
192 2109 301 2148 dubitarunt
319 2109 378 2159 Syri,
402 2104 440 2159 q'uo
459 2098 545 2159 tempore
564 2109 616 2149 iacta
636 2111 672 2159 siu
696 2112 720 2150 de
734 2112 759 2151 N.
774 2113 800 2152 Τ.

49 2177 140 2218 versione
157 2177 247 2228 tanquam
268 2186 382 2213 cornuruuem
402 2176 482 2214 orrmiuur
501 2177 608 2228 opinionem
625 2179 683 2218 tradit
697 2179 800 2218 Bar-lle-

49 2245 130 2294 lrraeus,
143 2243 234 2293 scriptam
249 2252 290 2280 oam
304 2253 359 2291 esse,
374 2253 412 2293 quo
422 2242 598 2294 tempore-primum
608 2246 726 2295 praedicatio
735 2245 801 2285 liran-

49 2310 115 2360 gelica
129 2309 222 2348 Edessam
235 2308 355 2358 pervenerit.
383 2307 424 2348 Sed
436 2308 493 2346 etiam
507 2321 556 2360 quae
571 2310 594 2348 de
610 2310 635 2348 V.
647 2310 677 2348 T.r
686 2311 801 2364 inludantur,

49 2376 161 2432 translatum
178 2385 222 2414 esse
237 2372 283 2412 illud
297 2375 385 2425 tempore
399 2372 472 2413 iliromi
486 2375 530 2414 sive
545 2375 609 2415 exsilii
622 2377 746 2429 Babylonici,
767 2390 802 2417 sc-

53 2474 184 2482 ,..--..—

117 2548 137 2591 1)
151 2547 177 2582 (tf.
190 2545 288 2596 illiseman,
301 2546 356 2589 horae
367 2548 448 2595 Syriacae
460 2558 500 2594 pag.
513 2551 539 2587 al.
562 2550 617 2586 Antea
628 2551 684 2586 locum
695 2554 729 2586 iam
739 2552 803 2597 publici

49 2602 288 2647 iuris,iecerantBrunsium
305 2599 400 2649 Repertor.¹
417 2604 436 2649 F.
449 2602 469 2638 0,
481 2615 496 2640 u.
509 2604 533 2640 M.
545 2605 566 2642 L.
578 2605 622 2642 Vlll.
635 2617 675 2651 pag.
687 2611 714 2644 89.
737 2608 808 2644 Asscms

50 2655 69 2689 B.
83 2656 249 2702 0.11p.24.279.

115 2721 136 2763 2)
151 2721 186 2755 Bar
201 2722 288 2756 Hebraeus
308 2731 359 2765 quum
379 2724 434 2766 inagis
454 2723 512 2757 levent
525 2725 601 2759 versioni
618 2723 716 2771 lreraplnri,
734 2727 801 2771 iniquus

15 2817 19 2822 Ι
51 2777 76 2808 est
90 2784 134 2810 vers.
146 2775 205 2822 Simpl.
216 2776 275 2819 iudex,
292 2775 312 2810 oi.
325 2786 369 2822 quiae
380 2777 425 2812 inira
436 2777 456 2814 uc
468 2788 488 2813 eo
501 2778 583 2814 diocrrtur.
