1786 3062
87 153 127 195 ⁴252

88 280 125 307 una
144 267 247 318 eademque
265 264 370 304 reddantur
388 265 407 303 in
426 263 548 320 Sirrrplioi¹}.
581 265 646 307 Verlra
665 267 771 320 ronrposita
789 277 839 305 sex-
875 271 891 320 s

89 335 162 376 centies
186 332 221 371 vix
242 334 331 372 aeeurate
352 332 406 371 reddi
424 336 515 384 poterant
532 345 544 371 a
563 334 627 385 Syro,
652 335 689 373 etsi
707 344 839 384 noummquam
876 328 877 331 ’

26 436 29 447 ,
89 392 163 440 <luobus
182 392 248 438 uerbis
267 399 301 438 uel
317 398 422 437 Aduerlriis
437 400 457 439 et
470 398 649 451 Praepositionibus
665 401 734 453 utum,
755 399 786 438 uiri
801 399 839 451 liu-
876 405 884 434 -ζ

90 479 141 518 guae
160 465 280 505 eorrsuetudo
300 466 319 505 id
334 465 462 518 permiserit
477 466 583 518 Partieipia
597 464 652 504 alteri
669 466 734 507 Verbo
749 465 840 519 apposita
878 470 890 517 ζ,

89 534 151 574 verbo
170 533 223 571 finito
244 532 326 571 reddere
345 532 409 583 solet,
429 532 456 571 ita
469 533 543 584 tamen,
565 534 585 571 ut
601 532 670 572 rnrllem
686 533 744 573 addat
758 533 840 572 eonium-

91 590 184 655 etionemj
202 598 235 636 ubi
254 610 302 636 vero
319 592 423 648 partieipia
441 598 496 650 plura
511 600 529 637 in
545 598 621 638 Graeco
637 600 702 651 positu
716 601 771 650 suut,
786 599 840 637 stru-
880 615 882 647 j

91 670 164 708 claram
181 664 260 704 solvere
279 664 363 712 cogitur.
392 664 459 716 Neque
479 665 545 704 modos
560 676 623 716 nequae
639 666 725 716 tempora
740 666 759 703 in
773 665 856 714 lingua
879 674 889 719 J

90 734 154 786 petria
174 731 264 783 qoearate
284 729 353 782 ultique
371 729 452 768 reddere
471 731 556 781 poterat.
588 730 610 769 Si
628 731 704 783 quamlo
724 730 841 771 Graecorum
882 760 883 763 η

91 812 144 840 more
159 797 256 838 structura
269 796 405 835 voeaimlorum
419 797 583 849 membrorumque
596 798 688 836 orationis
703 796 797 838 diffieilior
811 798 842 837 est
880 831 887 841 ,

91 868 151 909 variis
165 864 272 904 sententiae
287 864 374 914 partibus
389 864 484 903 consertis
499 865 519 902 et
534 864 664 915 complicatis,
685 866 766 904 maxima
782 864 841 904 oritur
884 902 886 915 Ἴ,

92 932 193 986 interpreti
210 929 263 983 Syro
285 930 387 971 diiiieultas
412 930 519 971 denodandi
540 933 561 971 et
580 932 670 972 solvendi
686 931 841 982 ligamentakita,
882 957 883 960 =

55 1037 57 1039 ,
92 1004 115 1042 ιιι
128 1012 166 1039 uon
179 998 302 1051 perturbetur
317 1009 380 1037 rerum
394 1010 499 1038 connexus.
526 998 568 1052 Qua
582 999 601 1037 in
613 1011 635 1037 re
651 999 755 1049 quamlibet
768 1010 842 1050 saepe-
883 994 887 1041 ζ

92 1078 170 1107 uuunero
187 1065 224 1104 vix
243 1064 294 1103 forte
313 1063 389 1103 tertuum
403 1063 548 1104 difficultatibus
564 1064 689 1116 subvenerit,
710 1076 842 1117 noarmuquam

92 1138 155 1175 tarmen
175 1131 253 1170 miratus
271 1142 311 1167 sum
327 1142 381 1181 [qurum
399 1129 535 1169 dexteritatem
550 1130 707 1183 diligentiamque
722 1131 842 1182 interpretis,

92 1203 132 1242 tum
154 1210 203 1239 vero
227 1196 347 1248 apostolieae
367 1196 435 1235 mentis
455 1196 596 1248 simplieitatem
617 1208 643 1236 ex
662 1184 770 1247 santarem
793 1208 842 1249 quae

93 1267 153 1319 primo
173 1263 240 1302 olrtutu
258 1263 355 1313 implicata
373 1262 479 1321 admodum
493 1264 514 1302 et
533 1264 621 1304 contorta
640 1263 752 1314 uidebatur,
772 1264 843 1314 sponte

93 1331 229 1386 promicantem
237 1325 265 1381 2].

158 1397 211 1452 Quae
223 1396 284 1445 igitur
299 1395 379 1445 linguae
392 1394 481 1434 Graeeae
495 1396 551 1447 eopia
565 1398 596 1435 est
608 1396 757 1446 Particularum,
771 1395 844 1442 flexio-

94 1478 137 1505 num
153 1465 174 1504 et
187 1461 292 1503 verborum
306 1462 455 1512 corapositommr
471 1462 567 1513 varietas,
585 1464 694 1501 structurae
708 1462 758 1501 ratio
772 1462 844 1501 exerrl-
889 1490 893 1513 ᾦ

95 1533 132 1573 tior
150 1531 170 1571 et
188 1528 304 1579 artiieiosa,
325 1539 349 1568 ea
367 1526 442 1579 impulit
462 1530 482 1567 et
500 1529 569 1578 adegit
581 1529 709 1579 interpretem
723 1529 805 1579 Syrunm,
824 1531 844 1568 ut

73 1603 74 1606 ’
94 1598 154 1638 inulta
172 1596 280 1645 auritteret,
299 1594 337 1634 alia
356 1594 477 1642 distinguere
496 1606 534 1634 non
549 1595 629 1646 posset,
648 1593 698 1633 haud
711 1607 773 1645 pauca
787 1595 844 1633 deni-

95 1675 132 1717 que
149 1662 238 1702 rnutaret.
266 1659 314 1698 Nam
331 1661 412 1711 quaein
429 1659 504 1699 Graeco
519 1661 608 1699 idiomate
623 1671 720 1712 expressa
733 1663 789 1714 suut,
807 1673 844 1701 uon

95 1730 187 1771 anomale
206 1727 267 1766 omma
286 1726 367 1767 reddere
386 1727 454 1779 potest
468 1726 537 1766 idioma
550 1728 663 1780 Syriacum,
684 1727 736 1781 quod
751 1729 771 1768 et
782 1730 844 1780 ipsura

95 1798 155 1838 trahet
178 1794 267 1848 proprias
287 1806 332 1833 suas
352 1807 422 1834 causas
440 1796 461 1834 et
477 1788 577 1846 rationesJ
598 1807 646 1848 quae
663 1806 726 1834 rerum
745 1795 845 1835 multarum

50 1856 53 1858 μ
95 1866 114 1904 iu
137 1864 228 1903 versione
255 1862 333 1901 foratam
360 1861 456 1900 diversam
480 1871 525 1901 esse
550 1862 648 1901 iusserunt
671 1874 682 1900 a
703 1861 758 1900 textu
780 1863 845 1912 origi·
891 1867 893 1919 j

95 1931 140 1972 nali
172 1929 225 1970 luter
249 1929 380 1981 proprietates
398 1928 512 1980 interpretis
531 1928 578 1980 Syri
597 1927 690 1967 Winerus
708 1927 755 1968 iilud
773 1940 845 1968 reeen-

95 2000 138 2050 set,
160 1996 211 2049 quod
233 1996 315 2048 ultique,
339 1995 415 2048 qnando
439 1994 463 2034 de
484 1993 562 2034 Olrristo
584 2007 647 2034 sermo
668 1996 704 2045 sit,
726 1983 761 2045 pro
780 1995 845 2046 κύριος
892 1983 893 2020 Ῑ

95 2065 169 2105 seribat
183 2063 288 2114 „dominus
301 2060 406 2101 noster“.'
422 2058 451 2099 At
465 2052 513 2099 vere
529 2059 549 2098 id
563 2072 600 2099 uon
613 2062 652 2100 tam
664 2061 776 2111 interpretis
789 2073 845 2114 quam

96 2131 176 2179 liuguae
196 2128 293 2181 proprium
313 2129 354 2178 est,
374 2128 395 2166 ut
411 2127 434 2165 iis
448 2126 543 2176 veetiam,
559 2126 627 2178 quilms
641 2126 690 2164 alios
703 2125 775 2177 alloqui
790 2128 845 2167 sole-

97 2208 149 2247 mus,
167 2194 277 2247 pronomina
291 2192 363 2233 suffixa
378 2192 477 2232 addantur.
503 2191 534 2233 lta
547 2192 565 2231 in
579 2191 603 2233 N.
618 2191 644 2231 r.
657 2192 700 2244 ipso
712 2191 786 2242 legitur
799 2194 846 2234 ara-

100 2293 231 2304 ---——--·

166 2360 186 2403 1)
202 2358 266 2393 diuites
281 2360 374 2402 particulas
390 2361 441 2403 plane
457 2361 534 2393 omittere
551 2359 601 2394 dehet
613 2359 676 2404 Syrum
691 2360 778 2393 aliusnon
791 2354 848 2405 potest

98 2418 204 2462 distinguere
219 2416 238 2449 ut
254 2409 277 2448 εἰς
292 2416 312 2446 et
324 2411 352 2454 ἐν,
367 2411 412 2451 dat,
426 2408 476 2457 παρά
487 2417 504 2449 et
515 2412 551 2448 tat
564 2418 594 2448 ete.
608 2419 639 2449 eto.
663 2413 798 2458 (lourparatirum
810 2418 847 2462 plo-

98 2482 168 2518 rumque
183 2471 278 2515 exprimere
293 2468 361 2513 nequit,
377 2478 430 2512 queue
442 2478 468 2504 ex,
480 2479 494 2502 e.
506 2467 542 2502 Aet.
554 2468 618 2510 xxlrg
630 2473 657 2504 20.
668 2472 723 2502 utrum
735 2469 815 2514 εὐθύμως
825 2461 847 2507 au

99 2524 219 2571 εὐθυμότεροι
230 2525 302 2569 legerit,
317 2532 422 2568 eognoseere
433 2533 468 2557 uon
479 2523 524 2557 lieet.
762 2526 764 2529 '

165 2589 185 2631 2)
200 2588 256 2622 Totae
271 2588 396 2621 emrrrtiationes
408 2589 504 2629 rrurtmrtur,
521 2588 638 2632 appositiones
650 2586 677 2620 uel
689 2590 784 2623 sententiae
795 2600 848 2634 prae-

98 2645 184 2690 positivae
200 2643 218 2676 in
232 2642 314 2676 relativas
329 2641 385 2685 (Rom.
401 2642 427 2683 ΙΙ,
444 2646 469 2683 1.;
490 2642 516 2683 V,
533 2642 566 2685 1.);
587 2640 682 2675 definitivae
698 2653 729 2686 pro
746 2645 847 2689 ooprrlativis

98 2702 185 2745 ponuntur
200 2696 245 2741 (det.
261 2695 310 2738 xlv,
325 2696 359 2739 2.);
376 2697 483 2744 eopulatiuao
494 2708 525 2741 pro
538 2697 653 2738 distinctivis,
670 2698 763 2734 imlireetae
777 2711 809 2745 pro
821 2701 847 2736 di-

99 2756 159 2796 ruatis,
181 2753 294 2788 ailirrnatirae
308 2761 340 2797 pro
356 2753 451 2798 megetiam
470 2754 580 2788 attractiones
593 2752 701 2788 resoluuntur
714 2754 847 2802 etaliairlge-
884 2753 886 2761 '

98 2821 130 2845 uras
142 2819 235 2845 innumera.
