1786 3062
697 142 699 146 “
720 136 760 178 ‘239

79 255 119 297 Sec
139 264 175 293 nou
193 251 254 291 solum
269 251 364 302 derogata
379 254 410 292 est
424 235 512 291 versioni
523 250 609 303 Simplici
624 261 647 288 oa
662 260 701 302 qua
716 249 761 300 pol-

16 327 44 365 let
62 321 180 374 ninilquitatis
199 315 344 371 auctoritas¹]‚
366 319 401 358 scel
422 320 478 358 etiarn
498 320 563 359 tantae
575 317 705 370 corruptionis
720 328 761 355 cam

16 390 68 432 nmlti
86 379 211 438 incusabant,
232 387 253 426 ut
273 387 314 426 lere
323 402 324 405 ¹
333 386 396 425 nulius
410 387 428 425 iu
442 398 465 425 rc
480 386 547 426 critica
561 384 656 435 Syriacae
671 384 762 424 lectionis

15 469 61 497 usus
79 467 124 495 esse
144 453 222 493 debent.
254 452 363 505 Antequam
384 453 450 491 versio
469 451 493 489 N.
511 450 536 489 Τ.
552 450 688 489 Heracleensis
709 451 761 489 celita

17 526 58 574 cst,
82 517 253 572 vulgarisopiuio
273 519 384 568 ferebatur,
404 516 428 556 ad
448 518 610 570 eamcarrectanr
625 528 670 556 esse
683 517 761 557 versio-

16 603 57 628 nem
72 587 192 639 Sinrplicern,
210 589 237 626 ita
256 589 278 626 ut
292 587 311 623 iu
325 584 441 622 editionibus
455 584 528 621 minime
544 586 592 621 uera
609 583 699 634 antiquae
714 594 763 621 rer-

16 647 75 696 siouis
93 655 154 694 iornra
172 654 273 705 superstes
291 651 323 689 sit·
357 649 398 688 Seri
417 661 480 702 neque
500 650 571 689 nostris
586 649 704 702 temporibus
721 660 763 688 eam

17 734 54 762 nou
78 721 187 762 cecinerunt
209 718 320 759 cantilenam
344 712 367 756 ile
389 718 445 757 textu
463 717 560 769 Simplicis
580 716 725 768 corruptissimo
744 717 764 754 ct

17 790 99 828 variato.
127 784 265 827 Griesbacbius
280 785 300 836 in
318 784 439 834 praefatione
459 784 548 822 editionis
567 780 644 836 suac²l
660 782 709 823 baec
726 782 763 820 lra-

16 856 60 895 bet:
84 853 156 905 „Nulli
177 851 243 890 lraruin
263 850 395 889 recensionurn
414 849 439 899 S)
438 850 497 897 riaea
513 851 591 903 versio,
612 852 671 900 prout
688 850 763 901 quidem

9 924 11 926 '
18 920 71 971 typis
89 930 162 958 excusa
183 919 223 966 ost,
247 914 347 954 sinrilis
332 928 400 954 rerum
417 926 454 954 nec
470 915 503 953 ulli
519 928 600 967 prorsus
615 915 712 955 disserens
726 917 764 953 cst.

17 985 39 1024 In
55 981 121 1025 multis
137 982 220 1023 conciuit
235 994 276 1021 curn
289 970 421 1021 Alexandrina
441 983 566 1034 recensione,
586 982 605 1021 in
613 981 711 1034 aturribus
724 993 764 1021 cum

20 1051 144 1102 occidentali,
168 1051 187 1088 in
204 1048 300 1088 nonnullis
320 1050 377 1089 etiarn
390 1061 431 1090 cum
446 1048 671 1101 Constantinopolitano,
691 1048 718 1088 ita
733 1049 765 1087 ta-

20 1131 62 1158 men
78 1120 100 1158 ut
118 1129 168 1171 quae
183 1118 202 1156 in
220 1115 269 1155 hano
283 1116 423 1168 posterioribus
436 1116 508 1156 deinum
522 1115 607 1155 saeculis
621 1116 700 1156 inuecta
714 1117 766 1167 sunt,

20 1186 113 1244 pleraque
130 1183 226 1235 repudiet.
258 1183 350 1223 Diversis
361 1195 418 1233 ergo
437 1184 555 1235 tenporibus
570 1183 594 1222 aul
608 1182 695 1222 Graecos
709 1183 766 1223 coli·
777 1184 778 1189 ’

22 1264 54 1292 ees
71 1250 129 1303 plane
149 1251 239 1304 birrersos
258 1250 326 1289 iterum
344 1251 453 1302 iterumque
468 1250 571 1300 recognita
586 1261 631 1288 esse
650 1249 727 1289 videtur
737 1245 766 1302 3)

21 1319 116 1370 syriacae
139 1317 225 1357 versioni
248 1315 296 1367 Chr)
296 1318 384 1357 sostomi
404 1316 555 1365 Evangeliorunr
573 1317 646 1355 textus
671 1326 695 1355 eo
716 1314 767 1355 lraud
807 1349 810 1350 γ

22 1383 171 1434 ostensionis,
194 1383 246 1436 quod
264 1382 295 1422 bio
312 1393 389 1435 quoquc
409 1394 420 1422 e
437 1383 521 1422 diversis
536 1381 680 1422 incensionibus
695 1381 768 1434 aliquid

22 1449 102 1492 traxit.“
128 1450 159 1489 De
177 1448 230 1489 tanta
248 1439 338 1489 socordia
354 1449 373 1505 in
390 1450 432 1488 viro
452 1450 518 1489 critico
536 1450 580 1501 quid
598 1448 716 1487 iudicandum
735 1449 768 1498 sit,
821 1477 823 1487 a

22 1531 76 1558 uenio
95 1527 133 1556 non
152 1516 212 1555 viriet.
241 1514 307 1555 Gitone
327 1515 391 1554 solent
408 1517 439 1555 tot
452 1511 543 1565 cortices,
565 1515 672 1565 coitiones,
689 1515 769 1553 versio-

23 1594 57 1621 nes
74 1582 115 1633 illi,
138 1584 169 1634 qui
187 1582 210 1621 rie
228 1593 277 1622 vera
294 1583 362 1622 textus
375 1579 445 1620 Biblici
461 1580 546 1621 lectione
566 1582 647 1621 idoneos
662 1592 684 1620 se
699 1583 774 1620 aestro>

23 1651 107 1689 maiores
125 1650 145 1688 et
163 1648 236 1688 iudices
251 1647 333 1699 babent,
351 1649 372 1686 ut
389 1647 408 1686 in
427 1648 471 1698 ipso
491 1650 609 1700 qrraostionis
625 1648 688 1687 limine
702 1648 770 1688 deter-

24 1715 101 1754 reantur
124 1726 189 1753 ornnes
211 1726 272 1766 seque
293 1714 386 1754 exclusos
408 1713 499 1765 videant,
523 1716 554 1768 qui
574 1727 612 1753 non
631 1726 693 1766 aeque
707 1714 771 1754 rrrullis

24 1781 126 1834 praesidiis
150 1784 170 1821 et
192 1780 309 1819 documentis
332 1780 400 1832 stipati
418 1780 437 1819 in
456 1793 532 1820 arenam
551 1768 669 1820 descendere
688 1782 771 1833 possint.

26 1876 154 1883 Μ

27 1933 92 1977 iioptici
112 1932 202 1967 editionem
217 1937 257 1977 post
272 1932 385 1967 Selruarzium
402 1936 536 1969 continuaturum,
563 1933 683 1978 Hieronymus,
701 1936 739 1978 epiri,
755 1938 773 1968 ut

27 1990 93 2022 omuino
118 1991 156 2021 eret
173 1987 324 2031 praudentissinrus,
349 1987 410 2023 italum
429 1988 504 2035 coelicum
524 1987 627 2023 Graecorum
648 1989 678 2023 serl
696 1992 772 2023 ueterum

27 2043 114 2077 emendata
130 2042 221 2077 (collatione
237 2045 347 2090 corrigebatg'
364 2048 465 2088 aspernatus
481 2048 507 2079 ost
523 2044 590 2079 estrees
602 2055 661 2088 „quos
673 2054 683 2078 a
695 2043 772 2083 Luciano

28 2101 45 2130 et
56 2096 139 2141 llespolrio
155 2096 260 2142 nuncupatos
275 2109 367 2143 praeroorum
385 2098 470 2133 bominum
486 2103 572 2133 assereret
587 2108 669 2143 proruersn
681 2101 773 2144 eontentio,

28 2162 77 2196 (purum
88 2154 177 2189 aurilianum
190 2155 266 2198 gentium
276 2153 340 2200 linguis
353 2155 439 2198 sculptura
449 2157 489 2189 arrio
499 2154 584 2189 translato
594 2154 664 2190 oloeerot
676 2156 721 2190 lalsa
730 2166 774 2200 esse,

28 2218 70 2252 quiae
82 2209 141 2244 erudita
152 2212 228 2244 essent.“
250 2209 275 2245 Er
286 2211 316 2246 illo
327 2212 380 2256 igitur
390 2215 466 2255 ternpore
476 2210 589 2246 Alexandrino
601 2214 618 2245 ot
629 2212 646 2245 in
659 2210 729 2245 Oriente
741 2213 775 2245 cir-

29 2265 164 2299 cumferebantur
180 2266 247 2301 codices
263 2266 314 2300 rebus
327 2268 345 2300 in
357 2266 413 2299 multis
423 2268 487 2300 variati
499 2271 515 2301 et
526 2266 637 2310 interpolati,
653 2266 715 2311 quibus
727 2269 776 2300 orarit

29 2317 102 2353 sortasse
113 2321 187 2362 similes,
203 2332 246 2366 qrros
259 2323 330 2355 cernunt
340 2320 421 2355 Thomas.

95 2383 114 2427 1)
133 2383 160 2418 La
177 2384 258 2427 mazeus,
277 2386 329 2419 nirnio
349 2385 444 2419 litterarum
463 2384 591 2419 Armenicarunr
612 2384 668 2418 studio
689 2384 776 2427 ulrroptus,

30 2433 93 2475 „minu
104 2447 145 2475 sane
158 2443 193 2482 est,
205 2442 325 2486 —irrquit—
336 2442 351 2476 si
364 2450 400 2487 curn
412 2440 503 2476 Arnienica
515 2445 623 2488 comparetur
631 2439 714 2484 Simplex,
728 2449 777 2484 qurum

30 2490 110 2538 utlongo
122 2496 209 2540 meliorem
220 2493 245 2531 it'a
256 2501 277 2532 et
285 2501 314 2531 ani
315 2498 398 2542 iquiorem
409 2496 485 2551 inolieost‘

95 2553 509 2607 >Ed111.enravnsemunspagnino

96 2622 115 2665 3)
97 2621 190 2659 3Editor
204 2624 248 2660 bano
265 2625 331 2660 aedidit
345 2629 375 2660 not
377 2636 412 2662 am:
430 2623 519 2662 illustrari
533 2625 566 2661 lroc
580 2612 638 2671 polest
649 2623 724 2659 codicum
736 2634 779 2658 non-

31 2667 114 2712 nullorum
126 2677 227 2714 Latinorum
243 2682 329 2725 exemplo,
352 2685 380 2726 qiu
395 2685 469 2727 priscam
481 2683 548 2727 quidem
560 2683 656 2717 versionem
668 2680 689 2713 orl
701 2678 779 2712 occiden-

30 2726 81 2762 toiem
98 2736 214 2768 recensionem
230 2736 357 2782 accomodatam
373 2742 503 2783 repraesentant
519 2737 577 2772 sorl‹
561 2738 623 2781 passim
637 2735 659 2769 ad
669 2736 745 2768 inarimos
757 2732 778 2765 li-

31 2779 71 2827 bros
84 2784 158 2823 Graecos
172 2777 251 2830 relictum.
