1786 3062
96 189 135 233 180
160 190 164 194 '

98 304 226 345 Nestorianos
250 302 270 341 et
290 301 399 343 Orierrtales
412 298 442 354 ¹),
465 300 542 341 condita
565 301 596 339 cst
616 300 682 342 scitula
701 300 805 352 Nisibena,
829 301 846 338 in

99 383 136 423 qua
157 382 211 410 saec.
230 367 255 408 V.
277 368 350 408 Vliet
369 367 411 407 Vll
428 366 551 407 turndamcuta
568 378 613 405 esse
632 368 683 409 iacta
697 370 786 422 pariamus
805 367 846 407 eius

98 435 269 488 pronuntiationis,
293 448 343 489 quae
363 446 389 473 ex
403 434 436 473 iilo
451 435 538 485 tempore
551 432 611 485 apud
618 432 668 472 Nest
661 434 745 475 turianos
755 434 847 475 invaluit

98 504 161 544 Biblia
180 515 252 544 srrnnno
266 504 330 543 studio
345 502 453 542 tractabant
445 503 476 542 tur
486 496 514 552 ²5]
542 499 602 554 Quum
616 495 677 553 quarti
692 505 713 543 et
726 503 786 556 quinti
799 514 846 541 sae-

99 572 136 611 eoli
159 571 266 623 scriptores
284 570 375 608 maxime
383 555 409 610 V.
427 568 453 608 T.
470 554 531 605 libros
551 569 643 606 enrnnren
645 579 690 606 arus
710 568 847 618 illustrassent,

42 669 45 672 a
99 638 213 690 coeperunt
227 636 283 676 etiam
302 636 379 675 Novum
397 634 539 675 Testamentum
564 633 618 673 libris
635 634 699 674 rrurltis
716 635 847 688 interpretari.
890 655 891 660 =

100 704 204 754 Narses,
235 692 314 741 scholae
340 701 444 740 Nisibenae
466 702 542 751 rector
569 699 649 751 cythara
675 696 847 754 aretus'Sptums

99 770 178 820 barren,
198 768 343 809 cornruentarios
358 768 436 819 scripsit
451 767 470 811 in
483 765 508 805 V
522 766 547 804 Τ.
553 764 586 838 ³.)
613 754 659 806 liius
674 769 847 821 aequalisllarsu-

100 859 151 897 rurus,
167 845 394 898 episcopusNisibenus,
410 843 469 883 edidit
461 819 624 918 ttdflQli.
620 857 637 884 e.
651 845 847 885 lromiliasinllvau-

101 924 181 975 getium
192 924 231 962 diei
247 922 342 962 currentis
355 906 407 961 solut
399 924 420 961 ta
433 922 516 960 numeris
533 923 625 962 oratione.
653 922 744 963 Narsetis
759 921 848 974 discipuli

100 990 177 1029 loannis
194 988 262 1029 Beth·
268 989 390 1027 llabanensis
410 989 535 1039 quaestiones
553 988 633 1028 laudan
625 991 656 1027 ur
670 991 689 1028 in
705 990 759 1029 Ve
761 989 808 1029 tm
822 988 847 1028 Τ.

101 1057 174 1095 Eodem
193 1056 235 1094 lere
254 1056 341 1106 tempore
357 1053 478 1094 ltlar-rlbas
497 1054 618 1106 patriarcba,
638 1055 670 1107 qui
682 1056 744 1095 Nisibi
762 1055 848 1105 linguam

101 1124 214 1174 Syriacam,
237 1120 330 1160 Graecam
354 1132 403 1159 vero
423 1119 511 1159 Edessae
531 1120 635 1172 didicerat,
659 1123 718 1162 totum
735 1121 760 1161 V.
778 1121 803 1160 Τ.
823 1133 849 1160 ex

101 1189 176 1230 Graeco
200 1187 299 1228 transtullt
316 1186 335 1225 in
355 1185 457 1237 Syriacum
480 1184 568 1239 idemque
586 1187 732 1228 commentarios
752 1187 812 1228 edidit
830 1189 849 1227 in

100 1248 199 1308 utriusque
214 1254 335 1296 Testamenti
348 1253 409 1293 libros
420 1249 447 1306 ¹³).
474 1251 524 1293 Post
538 1252 640 1294 Narsetem
655 1253 770 1295 Hanan'us
784 1255 849 1295 Adia-

100 1322 161 1361 benus
180 1323 254 1371 llorurit,
273 1320 351 1372 scholae
366 1319 471 1357 Nisibenae
490 1321 596 1370 magister,
617 1321 649 1373 qui
668 1321 686 1359 ei
700 1332 783 1361 canones
797 1322 850 1362 dedit

100 1385 190 1441 [Assem.
209 1386 249 1438 tlt,
270 1386 289 1425 l.
306 1380 536 1438 pag.et.]111utt0s‹111e
552 1388 696 1427 corrnnentarios
712 1389 791 1440 scripsit
805 1387 847 1442 [ex.

100 1467 133 1505 gr.
147 1455 166 1493 in
180 1454 266 1499 blarcum
281 1454 301 1491 et
315 1463 361 1504 epp.
376 1450 452 1504 Pauli),
470 1463 547 1502 quorum
562 1454 626 1493 tannen
641 1465 687 1504 pars
701 1466 771 1504 rrragna
786 1466 848 1507 repu-

89 1522 153 1561 diata
176 1523 207 1561 est
224 1521 330 1572 propterea
349 1517 400 1571 quod
419 1516 523 1557 Theodoro
540 1519 680 1572 iliopsuesteno
697 1522 848 1563 contradixerat.

100 1589 164 1630 Tanta
179 1588 227 1629 eninr
242 1589 285 1628 erat
299 1585 354 1625 lrrrius
369 1585 474 1625 auctoritas
489 1587 540 1638 apud
554 1586 693 1640 Nestorianos,
713 1590 734 1628 ut
747 1588 795 1628 hanc
810 1590 845 1641 ipsi
879 1612 881 1615 f

99 1655 165 1707 legem
173 1655 279 1696 sancirent:
293 1651 425 1705 „Sententiae
434 1653 514 1692 oninium
526 1655 622 1707 nostrum,
638 1655 772 1709 episcoporum
782 1657 848 1697 orien-

100 1774 231 1781 Α-ρ-α-

166 1857 185 1901 t)
200 1855 299 1900 Asclepius,
320 1858 409 1901 episeopus
427 1855 523 1892 Edesserms
538 1859 590 1904 (522)
606 1862 670 1906 exprnlit
684 1862 775 1898 monachos
791 1865 849 1898 orien-

99 1911 143 1945 tales
160 1921 251 1955 eorumque
267 1910 345 1951 sodates,
366 1912 412 1956 qrrod
425 1912 505 1947 uidelicet
520 1914 658 1956 Glralcedoncuse
674 1918 762 1952 concilium
778 1928 848 1963 respue-

100 1980 143 2011 rem.
166 1976 194 2011 trra
205 1977 259 2021 ignaui·
270 1974 348 2023 urentem
359 1966 469 2043 limtpbp
487 1969 624 2027 terbum
637 1972 673 2032 aa]
685 1973 738 2032 lati
749 1974 848 2039 lplocrsa

97 2056 182 2114 μοιᾶοῑς
194 2065 294 2099 monasterii
309 2066 367 2109 magni
381 2070 398 2100 et
415 2065 521 2100 celeberrimi
538 2067 649 2104 Orientalium
666 2072 684 2105 in
698 2071 741 2106 urbe
752 2070 817 2109 Edessa
828 2093 849 2099 —
873 2107 874 2110 ,

99 2129 232 2177 blonnplrpsitae
253 2135 312 2171 erant,
335 2130 356 2166 de
375 2131 437 2176 quibus
452 2132 532 2168 conteras
550 2133 650 2181 Dionpsium
670 2142 767 2173 narrantem
782 2139 848 2177 Assem.

99 2186 113 2222 Ι.
124 2196 164 2231 pag.
175 2189 213 2223 411.

166 2261 185 2305 2)
197 2260 223 2296 Gt.
239 2270 291 2306 snpra
302 2271 342 2307 pag.
353 2260 390 2297 itt.
402 2264 439 2297 128.
453 2257 517 2297 Narses
530 2263 653 2305 „lectionem“
665 2271 681 2302 et
693 2270 773 2305 scientias
786 2271 848 2307 docuit.

86 2317 169 2351 ,Lectori
187 2319 246 2350 iterum
266 2316 386 2351 conserendam
408 2316 506 2351 commendo
527 2321 617 2364 epistolam
632 2321 721 2366 Spmconis
733 2325 849 2364 Batiam-sa.

98 2373 171 2414 mensis,
189 2370 233 2405 unde
245 2367 367 2414 cummanire
379 2370 453 2414 patebit,
469 2375 509 2407 tune
521 2378 603 2420 temporis
614 2375 689 2412 Edessae
698 2382 849 2424 congregationem

51 2440 55 2444 ·
99 2430 116 2461 et
132 2425 235 2460 academiam
253 2425 305 2459 inisse
321 2428 397 2460 uirorum
411 2426 569 2464 eruditissimorum.
594 2429 798 2469 Seirolaeilliusalnmni
811 2437 848 2481 plu-

51 2513 55 2520 Δ
98 2482 137 2515 rimi
149 2483 269 2526 episcoporum
281 2484 297 2515 ct
309 2481 430 2525 magistrorum
441 2490 511 2517 rrrrmera
522 2487 567 2520 tracti
580 2489 618 2519 srrrrt
629 2487 647 2519 in
659 2485 735 2524 Perside.

147 2554 149 2557 ’
163 2555 182 2599 3)
197 2554 261 2590 Narses
277 2555 295 2589 in
304 2547 376 2589 'carutico
393 2562 446 2598 supra
462 2555 532 2592 laudato
545 2552 629 2594 Christum
643 2562 714 2597 rrraxime
726 2572 762 2598 enm
775 2566 796 2599 ob
808 2576 847 2602 eau-

92 2617 133 2661 sam
155 2610 239 2653 celebrat,
251 2609 307 2658 ffqurcd
327 2619 381 2654 genus
396 2614 473 2647 nostrum
489 2613 501 2648 i.
518 2622 532 2648 e.
549 2617 627 2650 naturam
641 2612 730 2653 lmmanam
746 2616 768 2652 ad
784 2621 848 2657 urrlrneu

96 2663 169 2711 Deitatis
181 2665 276 2708 pertulerit.
299 2664 377 2708 Sapienti
384 2671 421 2701 sat.

162 2738 182 2782 Ι)
196 2737 240 2775 Vide
256 2747 308 2782 supra
324 2748 364 2783 pag.
380 2744 417 2775 130
439 2740 513 2785 Simplex
530 2747 558 2777 an
559 2745 600 2789 rqura
611 2743 631 2780 V
646 2744 666 2781 T.
680 2750 771 2786 carronieos
783 2753 847 2789 tantum

95 2793 149 2829 libros
171 2794 259 2830 conminuit.
247 2792 319 2829 tScd
340 2805 360 2830 er
379 2796 409 2831 illo
425 2801 523 2843 tempore
518 2804 562 2835 niter
579 2800 692 2838 Nestoriuuos
707 2808 769 2850 partim
787 2810 846 2843 reiecti

77 2884 82 2893 s
94 2851 200 2886 rronnullit
183 2855 200 2886 ct
211 2849 251 2886 libri
263 2849 356 2908 aprocryplri
367 2853 432 2888 inserti
475 2888 478 2890 ,
