1786 3062
75 154 117 198 148

79 270 153 310 Sannum
167 263 283 319 sequuntur,
297 260 329 314 qui
344 260 445 319 epistolam
455 260 522 308 laeohi
534 260 654 315 repudiavit,
667 253 727 312 quare
737 268 775 297 non
784 256 841 296 ΙΙΙ-Χ

18 368 20 371 ,
79 335 205 375 storianorum
219 329 254 369 sed
265 328 357 380 ¹antiquae
371 327 467 366 versionis
478 328 658 368 vitmnhaneniun
666 327 708 376 est,
720 325 771 377 qrrod
782 336 827 376 epp.

77 398 154 437 loannis
164 397 182 437 ll
191 397 212 437 et
220 395 259 446 ΙΙΙ,
273 393 345 445 Iudae,
358 393 413 433 Petri
422 391 441 432 ΙΙ
451 394 471 432 et
480 392 614 447 Apoealypsis
630 392 680 446 apud
693 391 738 430 illos
750 402 787 430 non
796 390 828 429 le-

79 464 151 515 guntur
159 460 184 517 Ι),
196 462 258 503 Porro
266 463 285 502 in
293 460 368 514 synodo
377 456 542 512 Diamperieusi²j
552 460 632 500 inludia
643 458 730 499 orientali
737 456 801 497 habita
810 468 828 495 a.

80 529 134 571 1559
143 529 223 570 sedente
231 529 305 569 Ronnae
314 540 366 580 papa
375 525 474 566 Clemente
483 524 536 564 Vlll.
546 523 650 572 Christiani
660 525 682 566 S.
691 523 784 574 Therone,
798 521 829 574 quii

79 598 153 637 sectam
161 597 191 636 ⁴et
203 595 289 634 instituta
301 589 458 633 Nestorianorunr
472 591 588 644 sequuntur,
605 591 691 632 aeorrsati
704 593 758 643 sunt,
778 586 830 643 quod

79 663 135 703 loeus
144 661 235 714 quosdam
245 660 270 699 N.
280 659 305 699 Τ.
316 659 340 700 ad
351 660 443 709 dogmata
453 657 539 697 Nestorii
549 657 722 697 aeeornodaverint.
745 656 773 697 At
781 667 829 696 vero

81 730 100 769 iu
109 729 158 771 loeis
172 718 243 768 notatis
255 726 340 766 erunibus
351 725 396 765 nihil
405 718 539 778 peecaverunt
547 723 668 775 Nestorium,
682 735 738 762 unum
747 725 764 762 si
774 723 831 762 exui·
870 728 873 733 '

80 795 133 846 pias3
147 794 216 832 etenim
230 793 298 845 partim
314 792 363 832 vitia
376 792 397 831 et
407 792 515 831 varietates
527 792 572 829 sunt
582 802 620 830 non
628 790 785 839 Nestorianorunn
796 786 832 833 sed

80 852 177 899 versionis
191 859 300 909 Simplieis,
312 858 380 910 partim
395 869 407 897 a
421 856 510 908 Vulgata
522 856 638 896 solummodo
650 855 760 904 discedunt,
774 854 831 893 textu

24 937 26 940 ’
81 912 158 964 Graeeo
180 920 318 965 consentiente.
351 923 387 977 Qui
407 918 470 962 restat
491 922 546 962 loeus
564 914 576 960 a
593 922 713 961 Nestorianis
732 920 832 971 deprava-

83 993 127 1041 tus,
148 993 180 1030 est
197 989 257 1029 liebr.
275 988 310 1039 ΙΙ.,
329 988 354 1039 9,
373 989 426 1028 euius
444 988 464 1025 in
481 987 565 1026 leetione
578 987 688 1026 Nestoriani
702 988 723 1026 et
734 985 832 1025 laeobitae

83 1057 102 1095 in
116 1055 205 1096 diversas
219 1055 246 1095 ita
260 1053 331 1094 obeunt
344 1055 422 1105 partes,
437 1052 458 1092 ut
471 1051 502 1093 bie
517 1053 560 1104 ipse
573 1063 644 1092 versos
654 1054 754 1105 utriusque
765 1053 832 1092 sectae

84 1163 214 1170 -—.......-
227 1163 229 1167 ,

86 1242 88 1245 ’
149 1226 169 1268 1)
184 1225 229 1261 lllud
244 1236 285 1260 sune
300 1226 390 1262 discrimen
405 1227 507 1262 observatur
521 1227 566 1260 inter
580 1225 693 1262 Nestorianos
709 1230 725 1261 et
741 1227 832 1268 innobiles,

84 1281 130 1327 quod
140 1280 159 1317 lri
175 1292 212 1317 oum
224 1279 295 1317 Graecis
309 1284 383 1318 aretiore
394 1282 462 1317 vinonio
475 1282 559 1316 ooniuneti
571 1284 621 1317 etiarn
633 1283 672 1328 Illos
687 1283 741 1318 libros
757 1293 833 1328 agnove-

82 1341 132 1379 runt,
153 1339 182 1383 qui
197 1340 215 1373 in
229 1341 277 1372 textu
292 1336 368 1379 Graean,
384 1348 419 1371 non
430 1339 447 1371 in
460 1336 536 1380 sinpun
548 1337 637 1382 leguntur,
656 1349 705 1383 qurum
717 1338 743 1372 illi
753 1339 834 1382 repudia-

83 1394 138 1427 verint
152 1393 268 1438 Apoealppsin
284 1396 301 1427 et
313 1385 394 1437 epistolas
406 1401 458 1436 supra
470 1391 529 1427 dietas.
552 1390 595 1426 Narn
605 1393 651 1437 qnod
661 1393 730 1426 lunilius
741 1393 804 1435 tradit,
816 1397 835 1427 ut

84 1457 95 1481 a
106 1446 159 1481 Paulo
171 1446 225 1481 Persa
236 1445 329 1492 Nisibenae
344 1446 412 1481 selrelae
427 1447 494 1480 alumne
507 1448 599 1481 insti-uetus
611 1451 648 1481 erat
660 1446 696 1489 „de
707 1447 776 1482 loannis
787 1443 835 1492 npok

84 1498 149 1547 oalppsi
164 1501 253 1537 admodum
268 1500 354 1536 dubitatur
370 1501 415 1546 apud
426 1500 540 1536 Orientales“
555 1502 575 1536 de
586 1500 694 1537 Nestorianis
706 1502 834 1549 intelligendum

48 1567 51 1570 ·
85 1560 115 1591 est.
142 1556 167 1594 cf.
184 1555 300 1599 Haerernielr‚
319 1557 446 1592 luoubrationes
462 1559 499 1592 erit.
516 1557 539 1591 ad
554 1557 624 1601 dpnoeal.
641 1550 742 1602 speetantes.
768 1558 834 1603 Regini,

85 1614 133 1649 raia.
155 1612 217 1658 Progr.
229 1610 324 1646 Pentecost.
334 1630 357 1637 -
379 1611 404 1646 lle
417 1611 437 1646 V.
449 1611 470 1647 T.
483 1611 551 1646 Curione
561 1610 668 1657 Nesierlanis
678 1616 746 1657 aceepto
756 1612 835 1648 consulas

84 1666 173 1702 alienun:
194 1667 264 1703 liebers.
280 1678 293 1702 s.
309 1665 354 1701 Knit.
368 1665 419 1701 Reise
436 1677 475 1712 pag.
492 1671 530 1702 103.
546 1676 572 1712 sq.
599 1666 692 1702 Contenti.
708 1667 729 1702 T.
744 1666 835 1703 Nestoriu-

84 1732 115 1756 nus
129 1724 274 1767 insignis-exstat
290 1723 308 1755 in
322 1720 367 1755 Bibl.
381 1720 476 1762 Vaticana,
498 1721 518 1769 tle
536 1731 569 1767 quo
587 1722 698 1757 conterendus
714 1726 740 1757 ost
752 1722 834 1759 Wisema-
868 1738 869 1742 ¹

84 1777 271 1823 iiiisvi.o.pttg.139.
294 1776 314 1811 ln
326 1775 411 1811 eodieibus
424 1776 453 1811 lrie
468 1776 551 1811 librorum
568 1777 610 1812 ordo
627 1777 737 1813 observatur:
756 1779 775 1824 1)
790 1778 834 1814 Pen-

84 1841 173 1876 tateuehus
184 1834 266 1891 {Mota
281 1834 356 1891 dallo,
383 1843 404 1885 2)
414 1842 467 1877 Liber
478 1844 546 1886 integer
557 1842 641 1876 luditum:
656 1842 690 1878 los.
703 1843 738 1878 lud.
751 1844 796 1878 Sam.
808 1846 835 1887 (et

84 1905 158 1951 Regum)
176 1907 221 1942 liber
237 1906 301 1953 Regum
320 1908 393 1941 iliarum
411 1906 481 1941 israelis
496 1906 583 1949 (elnon).
613 1906 706 1951 Sapientia.
733 1907 835 1946 Proverbia.

84 1960 177 1996 Sirenides.
200 1962 287 1998 Colreletln.
309 1960 359 1996 Ruth.
383 1960 468 1995 Canticum
496 1961 553 1996 lolius.
576 1960 618 1996 Hist.
635 1961 728 1998 Susannae.
751 1965 770 2008 3)
782 1964 835 2000 Liber

83 2014 217 2061 Prophetarum
229 2019 247 2053 in
262 2028 295 2063 quo
308 2016 389 2052 Ieremias
401 2027 437 2050 eum
449 2014 533 2057 Timonis,
545 2014 624 2051 Ezeolriel
638 2021 654 2050 et
665 2016 726 2051 Daniel
738 2028 773 2052 oum
785 2019 834 2053 addi-

83 2074 162 2108 tamentis
177 2078 217 2119 post
227 2072 331 2109 Malachiam
346 2072 435 2117 leguntur3
456 2080 522 2105 annena
538 2075 564 2106 est
578 2070 652 2106 historia
666 2071 704 2107 Beli
719 2076 736 2108 et
750 2073 835 2110 tlraoonis.

83 2127 102 2170 4)
112 2126 180 2172 Psalmi.
189 2150 210 2157 —
221 2127 274 2171 Esra,
288 2126 380 2162 Nehemiae
391 2129 407 2161 et
418 2123 501 2160 Estlrenae
512 2125 557 2161 liber
568 2126 700 2163 desiderantum
713 2126 733 2163 ln
748 2129 792 2164 libro
806 2130 834 2165 Ia-

84 2190 126 2215 suae
140 2191 153 2217 e.
168 2183 187 2225 l,
203 2190 247 2223 3-
259 2195 273 2219 e.
284 2183 308 2225 li,
322 2188 333 2218 7
345 2182 405 2217 desunt
417 2184 499 2215 eoinmata
511 2185 537 2217 18.
559 2179 653 2216 Ebediesus
665 2181 747 2217 Sobensis
759 2187 777 2218 in
789 2179 836 2219 enta-

84 2233 126 2280 logo
139 2236 201 2271 librum
212 2248 279 2284 quoque
289 2236 356 2278 iudith,
372 2235 440 2270 Tobiae
453 2238 469 2269 et
480 2234 555 2270 Baruobi
565 2240 651 2280 reoenset,
663 2237 693 2271 sed
705 2239 723 2272 in
735 2239 787 2276 eoin
800 2251 835 2277 non

83 2287 169 2335 leguntur.
180 2310 202 2318 -
228 2292 289 2326 Versio
305 2290 380 2335 Simplex
396 2291 451 2324 libros
468 2293 559 2326 eanonioos
578 2293 625 2326 solos
641 2292 741 2335 praebuisse
758 2294 834 2337 videtur;

33 2362 34 2365 =
56 2358 60 2361 ·
83 2349 122 2379 sunt
136 2345 177 2380 libri
193 2343 286 2389 apooryphi
298 2346 343 2389 apud
356 2341 468 2379 Nestovianos
480 2346 554 2381 tortasse
567 2356 588 2381 ex
599 2345 639 2381 blan
650 2346 698 2381 abae
710 2350 789 2384 versione
803 2350 833 2385 atl-

83 2399 123 2443 orti,
139 2404 158 2434 ut
171 2398 313 2444 apudlaeobitas
326 2409 346 2433 en
357 2398 453 2445 lienaplari.

147 2464 166 2508 2)
177 2464 238 2500 Sannit
253 2465 271 2499 in
286 2462 318 2498 lrao
334 2462 398 2507 synodo
413 2460 482 2496 alienius
498 2463 584 2499 Meiresins
598 2465 699 2509 Lusitanus,
718 2467 834 2514 arolriepiseo-

82 2529 114 2563 pus
126 2517 182 2562 Gaas,
199 2523 217 2554 ut
229 2518 322 2556 Christiani
334 2518 380 2553 illius
392 2517 468 2562 regionis
480 2517 547 2552 eodiees
559 2529 603 2556 vers.
617 2520 655 2567 Syr.
667 2522 688 2557 ad
699 2524 786 2569 vulgatam
798 2524 833 2560 La-

82 2574 135 2608 tinam
150 2577 262 2619 oorrigerent.
284 2575 311 2610 La
323 2574 377 2609 Creze
394 2572 434 2607 bist.
452 2570 514 2606 Christ.
532 2577 563 2606 ete.
580 2575 590 2608 l.
602 2574 631 2609 ΙΙΙ.
648 2587 687 2622 pag.
699 2582 738 2615 285.
751 2580 777 2614 ed.
789 2579 833 2616 Gall.

82 2628 150 2670 blansi,
168 2630 219 2664 tione.
236 2630 274 2663 eall.
290 2640 336 2664 nova
352 2630 372 2665 T.
388 2628 416 2664 Vl.
432 2637 472 2673 pag.
488 2631 516 2663 23.
531 2636 590 2671 sop—
612 2626 832 2672 PraeterlibrosinSim-
860 2671 863 2673 .

82 2684 123 2730 plioi
143 2683 250 2719 desideratos
269 2688 348 2720 taxantur
367 2686 401 2720 loei
415 2683 456 2719 Lue,
473 2683 498 2725 Χ,
515 2688 533 2725 1,
554 2683 633 2729 disoipuli
648 2685 696 2721 LXX
711 2699 742 2732 pro
758 2690 832 2735 LXXll;

81 2737 149 2777 Mattlr„
160 2738 186 2782 Χ,
203 2744 230 2778 13.
246 2738 348 2785 doxologia,
365 2751 414 2786 quarn
429 2740 504 2785 Vulgata
521 2739 588 2774 omittit.
608 2738 622 2774 i.
633 2739 681 2776 lonii.
696 2741 729 2787 ΙΙΙ,
748 2750 773 2784 16.
785 2743 833 2783 amon·

81 2793 235 2838 Cluistiprollei.
257 2794 295 2830 Aoi.
306 2795 348 2838 XX,
361 2801 388 2833 28.
400 2796 465 2847 Christi
473 2805 506 2839 pro
517 2793 555 2829 Dei.
577 2793 628 2830 Heba.
641 2796 831 2846 11‚9.1.cor.v,s.
870 2842 872 2845 Α
