1786 3062
756 78 796 119 287

0 217 3 244 1
49 208 100 249 nerii
118 215 144 243 ex
162 189 390 253 scriptoribus-Graecis
405 193 509 249 sumsisse,
530 204 580 249 quae
594 193 645 248 apud
660 192 794 234 Graeeosra÷
818 196 823 198 ’

45 268 252 323 ι’ἰνιπνθῑιποθῑίπνθ
274 264 351 319 sinim,
372 265 468 316 vulgares
487 275 536 303 uero
554 264 574 302 et
592 260 728 302 usitatissimae
744 258 795 310 apud

0 327 4 341 ⁵
50 340 150 380 Hebraeos
170 336 190 375 er
210 334 281 386 Syros.
312 333 381 374 Sermo
398 332 493 384 antiquior
512 332 533 371 et
550 328 654 381 simplicior
671 328 723 368 solet
736 327 794 368 etiam

0 424 1 451 ς
50 416 119 445 sensns
131 401 230 447 naturales
244 399 265 439 ‘ei
278 396 400 451 corporales,
415 399 436 437 nt
450 399 478 438 ita
492 399 564 446 dinam,
578 396 648 446 nhique
657 395 766 445 exprimere
775 395 796 433 et

2 476 3 479 ’
51 473 110 511 artem
129 480 166 508 non
184 469 222 507 tam
239 468 257 505 in
275 466 371 519 loquendo
392 459 483 517 ponere,·
497 476 551 516 quam
566 460 720 511 natruaoipsius
735 461 795 498 artem

50 536 119 577 intueri
135 535 155 573 ei
173 533 286 585 depingere.
321 531 403 573 Aooedit
423 529 473 581 quod
492 528 602 568 Orientaies
621 526 685 576 rrnogis
698 525 733 564 suh
749 524 795 564 divo

52 604 72 642 et
88 603 131 653 ipsa
149 611 190 639 oum
209 600 277 638 natura
293 599 352 638 vitam
372 597 459 647 degrrnt3
483 591 567 647 uespere
581 594 666 634 fessiset
680 592 728 650 lassi
740 592 796 631 nimio

0 707 2 709 ,
50 669 101 709 iilius
119 668 192 720 plagae
213 665 293 717 ardore,
312 664 404 711 sedentes
418 663 462 703 sire
478 657 613 703 aee'o'mhenles
627 660 711 713 colloqui
725 660 795 699 solent.

50 736 73 782 ld
89 734 141 788 qnod
158 745 195 772 uon
213 732 280 784 potest
298 732 336 770 vim
350 730 430 782 aliquam
444 740 481 768 non
497 740 590 768 exserere
605 728 622 767 in
636 740 701 778 genus
715 727 796 766 dicendi.

0 803 2 806 ’
51 801 151 852 Exernphs
162 798 299 838 illustrahinuus
310 797 422 835 senientiam
436 796 527 834 nostram.
701 787 703 790 ’

0 932 1 935 ,
117 894 212 932 Homerus
226 891 293 929 eodem
307 890 368 927 verbo
385 887 444 926 utitur
458 888 482 926 ad
493 886 587 928 hominum
598 889 619 925 et
628 882 733 924 annualium
744 886 799 924 aetus
831 874 833 876 ’

0 993 2 995 >
54 958 202 1003 descriherrdos'3
223 957 259 995 ita·
274 955 293 993 in
311 954 336 992 N.
355 953 381 992 'lh
400 951 510 1004 χορτάζειν,
533 952 627 1004 euripidem
646 952 715 991 dieitur
735 954 756 992 nt
775 951 799 990 de*

2 1018 4 1020 ‚
55 1025 165 1069 nnhnalihns
183 1023 210 1062 ila
228 1022 285 1061 etiam
304 1020 327 1060 de
345 1011 457 1060 hominihus.
488 1019 546 1071 Apud
560 1007 662 1057 llonnerum
679 1013 800 1071 frequentis-v

55 1096 113 1135 simae
127 1091 171 1130 sunt
185 1087 266 1140 phrases
277 1085 298 1127 ἓν
306 1089 362 1138 paeni
371 1086 447 1126 odram
456 1084 521 1139 [1559
531 1084 576 1139 ham)
588 1087 607 1125 et
616 1084 699 1133 sirniles;
713 1081 799 1126 artiones

55 1160 127 1200 animae
145 1147 278 1196 deserihuntnr
295 1154 320 1193 ad
339 1154 478 1194 simulitudinem
493 1153 627 1205 corporalium.
653 1150 684 1192 Ita
698 1152 717 1191 tu
733 1153 757 1192 N.
774 1152 799 1192 Τ.

55 1224 165 1279 spirituales
184 1221 337 1262 neeessihuhnes
359 1220 415 1259 simili
436 1220 491 1260 modo
511 1219 644 1259 deseribuntur
662 1219 697 1258 suh
716 1220 801 1270 imagine

67 1296 90 1335 οὔ
103 1293 170 1346 πεινᾷν
190 1291 210 1330 et
223 1290 291 1344 ὁιψᾷν,
310 1298 346 1340 qno
358 1281 458 1339 pertinent
474 1287 516 1338 ipsa
532 1288 693 1326 sacramentorum
707 1287 802 1327 elemento

57 1363 77 1400 et
93 1358 150 1409 tropi.
183 1347 263 1395 Nam'is
283 1353 314 1406 qni
338 1364 409 1392 revera
429 1354 502 1392 esuriat
521 1355 542 1392 et
561 1353 717 1392 sitiatinsiitiae
735 1354 801 1403 eausa,

0 1448 10 1481 33
56 1423 151 1477 pereipiat
170 1422 214 1475 quid
229 1422 255 1461 sit
271 1418 342 1460 Christi
357 1419 433 1458 oannem
447 1419 505 1457 edere
519 1419 540 1457 et
555 1416 627 1458 Christi
642 1418 756 1467 sangninem
769 1418 802 1457 hi-

56 1492 115 1537 here;
137 1490 169 1541 qni
188 1487 282 1528 sordibus
295 1487 371 1537 peccati
387 1485 444 1537 plane
463 1497 485 1523 se
504 1484 626 1525 defoedatnm
644 1484 699 1524 videt
714 1497 725 1523 a
739 1485 803 1537 eapite

58 1558 82 1597 ad
100 1557 184 1609 plantam
204 1554 261 1607 pedis
280 1553 352 1604 usque,
376 1553 393 1591 is
409 1552 433 1592 de
447 1551 528 1592 lavaero
543 1553 563 1591 et
575 1552 645 1591 halneo
658 1551 695 1590 sihi
712 1552 802 1601 gratula-

57 1624 115 1663 hilur.
141 1622 184 1661 Huo
198 1619 312 1661 referendae
324 1620 369 1670 sunt
382 1617 464 1670 phrases
479 1618 582 1670 plurimae:
598 1615 682 1673 deripere
696 1612 718 1657 ιὸ
733 1619 804 1671 στόμα,

58 1688 103 1735 ron'g
120 1682 247 1741 dehoneste,
264 1684 401 1736 intentarat,
419 1685 496 1725 zaream
514 1684 541 1732 εἷς
559 1680 581 1724 ni
602 1679 653 1734 aira,
673 1685 768 1738 στηρίζειν
782 1682 804 1728 ed

58 1755 163 1808 πρόςωπον
183 1756 233 1805 ete,
252 1758 302 1806 quae
321 1764 385 1793 omnes
399 1764 468 1792 sensus
485 1754 505 1793 el
519 1751 575 1804 aeirus
589 1744 678 1806 tanquam
694 1754 805 1805 corporales
860 1776 862 1779 f

59 1823 175 1873 exprimunt.
206 1820 267 1860 Simili
284 1819 340 1858 modo
352 1820 454 1871 σπλάγχνα
470 1820 491 1858 el
505 1818 681 1870 σπλαγχνίζεσθαι,
697 1815 806 1870 ’πρόςωπον

60 1888 175 1941 hepterem
189 1886 342 1927 Pariusue-ion
356 1885 467 1934 dehortatur
483 1882 493 1934 ἥ
506 1888 576 1938 κιιρὸἴιι
586 1883 660 1938 [ιν-η),
679 1887 699 1924 ut
710 1898 736 1925 ex
748 1886 808 1926 LXX

126 2069 146 2116 1)
156 2068 186 2105 Er.
199 2079 250 2122 oarrsp
262 2067 406 2115 apudPierionem
418 2069 481 2114 legitur
492 2070 553 2104 semeia
565 2067 585 2104 ου’
592 2071 646 2113 χαμαὶ
656 2067 773 2106 prostrantes
785 2069 808 2105 do

59 2125 120 2160 editore.
143 2120 471 2172 Graeoishaeepin-asisinsolitaest,
485 2123 658 2170 Hebraeisrnigaris.
681 2123 740 2160 Potest
753 2129 809 2161 antem

59 2178 107 2214 leons
120 2177 197 2213 Platonis
214 2184 313 2225 argumento
326 2190 373 2221 esse,
389 2184 465 2215 amente
476 2179 549 2214 hnmana
562 2184 578 2215 et
590 2183 654 2225 optimo
666 2191 730 2227 genere
741 2182 809 2218 dioendi

60 2235 128 2269 minime
143 2233 215 2269 alienam
232 2245 270 2270 esse
285 2234 328 2270 hane
339 2237 445 2270 sententiam.
467 2235 486 2270 Si
497 2236 539 2280 quis
547 2237 643 2269 aeeuratins
654 2225 749 2280 inspexerit
760 2242 809 2272 natu-

0 2293 5 2309 ³
61 2298 97 2322 ram
113 2292 136 2323 et*
144 2289 218 2323 indolem
234 2290 338 2324 leontiouum
350 2290 475 2329 Hebraearun,
491 2300 528 2324 eam
539 2292 628 2325 veritatem
640 2286 716 2327 inveniel
727 2293 810 2339 simulque

62 2342 141 2388 imaginis
158 2345 259 2390 elegantiam
274 2348 348 2388 tantam,
367 2350 385 2379 ut
399 2347 461 2382 merito
475 2344 514 2380 hoo·
523 2341 603 2380 diationis
618 2356 672 2391 genus
688 2349 733 2382 inter
748 2348 810 2391 studia,

63 2407 106 2441 quae
115 2398 216 2435 humaniora
225 2400 312 2442 diouninr,
327 2401 417 2440 referatur.
441 2400 482 2439 Quis
494 2412 530 2435 non
540 2403 611 2435 miratus
623 2403 655 2443 sit,
667 2402 730 2448 ubique
742 2406 810 2437 senien-

62 2451 95 2486 tias
115 2455 208 2497 parallelas
229 2465 249 2490 en
265 2456 377 2502 soripioribus
392 2455 496 2492 Graecorum
516 2460 532 2492 ei
547 2455 663 2492 Romanorum
678 2457 746 2502 optimis
762 2458 812 2493 afferi

62 2514 114 2548 posse
133 2509 154 2543 ad
169 2511 288 2546 illustrandam
304 2512 395 2547 dietiouem
409 2513 496 2547 hibiieann.
524 2510 566 2547 Nam
583 2513 811 2558 idproprinmestseenae
856 2524 858 2527 ·

64 2562 81 2593 el
96 2564 209 2609 nominihus,
232 2570 250 2601 ut
266 2570 354 2604 ueritatem
369 2578 425 2602 rernm
441 2567 552 2602 humanarum
565 2570 646 2613 tanquam
661 2569 736 2613 imagine
752 2568 811 2613 depin-

130 2627 180 2663 qnam
195 2619 247 2668 virgo
262 2621 339 2659 homiues
354 2627 412 2659 mutuo
425 2624 525 2658 eonmoneio
536 2622 618 2668 detegere
630 2623 649 2657 ei
658 2623 739 2658 ohvelane
750 2623 810 2665 soient,

129 2675 213 2719 spondium
223 2678 294 2722 ingenia
305 2688 377 2721 summa¹
394 2683 413 2713 nt
423 2678 508 2714 tlreatrnm
519 2683 537 2713 et
548 2681 641 2712 encomium
652 2681 750 2713 testimonia
760 2686 821 2721 prae--

91 2785 92 2788 ¹
125 2731 203 2774 raritati,
217 2741 268 2777 qnam
279 2737 343 2768 norunt
354 2733 421 2780 quidem
433 2744 500 2778 omnes,
515 2734 545 2769 sed
557 2743 591 2768 rron
601 2726 660 2767 omines
671 2734 773 2779 sequuntur.-
