1786 3062
89 144 142 198 oco

91 270 167 322 borgee
186 269 238 310 edita
256 270 293 310 viri
309 272 378 311 suuu'ui
396 272 458 320 verba
478 274 580 324 praestare
596 284 632 313 uon
647 274 724 324 integra
738 274 758 313 et
773 272 839 326 'pruris-

91 339 150 384 sima3
171 339 233 376 tamen
248 338 370 389 exploratum
384 340 427 389 est,
445 338 466 376 et
478 339 549 377 omissa
563 340 651 379 nonnulla
667 343 686 380 et
700 340 775 380 variata
788 334 848 377 essej

91 402 195 444 Confessio
213 401 332 452 Augustaua
350 418 362 445 a
380 405 491 444 lllelautoue
514 405 557 457 ipso
582 404 634 445 edita
658 407 688 445 cui
710 406 838 458 suspicionem

90 472 170 511 ruoreat
190 468 359 530 interpolationis?
384 474 447 512 tamon
464 483 488 510 ne
506 471 540 510 illa
559 471 634 523 quidem
654 472 750 512 invariata
764 472 839 512 mansit.

89 536 158 590 Itaque
179 538 281 589 postquam
301 539 325 577 ab
344 538 433 578 ecclesis
453 536 537 577 Orientis
553 532 692 598 Apostolorum
709 537 782 590 scripta
802 550 838 589 pro
892 558 893 576 2

90 615 160 643 norrea
173 605 227 644 uitae
242 604 262 642 et
277 603 375 643 doctrinae
391 606 472 656 accepta
486 605 531 641 suut
535 604 636 654 ‚primum
651 585 680 641 ele
689 603 726 642 lule
742 615 838 655 qrraereu-
845 613 846 616 ’
892 600 893 620 ³

91 669 134 709 dum
148 672 193 721 cst,
214 679 256 706 nuru
276 668 399 709 ecclesiarum
414 670 511 718 antistites
525 671 545 709 et
560 669 671 709 doctores'
666 681 685 707 m
695 668 838 721 Apost'olorum
892 713 893 719 ¹

90 737 156 776 rer-bis
173 735 300 788 perstiterint.
328 735 375 789 Quis
392 735 490 775 lectitatas
508 747 545 774 uon
558 734 617 774 hahet
631 735 771 786 Apostolorum
788 747 838 786 que·
892 787 893 790 Ἴ

88 801 141 842 relos
161 801 185 854 rie
200 800 323 841 ecclesiarum
339 795 450 854 apostasia,
470 801 494 840 (le
509 801 696 854 pseudoprophetis,
714 802 738 840 (le
752 802 839 841 doctriua

89 868 209 919 adrrlterata,
234 867 257 905 de
276 869 340 906 scissa
358 878 415 919 paee.
442 866 508 920 Atque
528 868 570 920 quis
583 868 658 907 tandem
674 869 715 919 est,
732 868 765 920 qui
779 867 838 920 Apo-

90 935 182 988 stolorum
206 933 285 984 scriptis
311 947 353 974 eum
374 934 501 985 scriptoribus
525 946 578 974 suec.
600 935 624 973 ll.
644 935 720 974 collatis
738 935 838 973 discrimen

76 1003 190 1047 «rrraximum
208 1010 245 1039 non
260 994 378 1040 attemleritt
398 999 448 1039 Sunt
462 1011 508 1039 saue
523 999 588 1040 uestro
604 1001 690 1051 ternpore
704 1001 741 1038 viri
756 1001 838 1039 ruuulma

89 1068 200 1117 sagacitate
223 1066 318 1118 praecilli,
339 1066 370 1117 qui
392 1066 442 1105 iuter
459 1066 568 1116 lluaugelia
588 1068 608 1105 et
628 1065 733 1106 Clerrreutis
750 1066 838 1106 homilias

88 1134 125 1172 vix
138 1134 215 1172 multum
229 1133 324 1177 interesse
337 1134 412 1182 putent.
442 1132 579 1183 Apostolorum
594 1133 677 1184 scripta,
696 1133 764 1184 qulbus
779 1132 837 1172 Verbi

89 1199 149 1240 {lirini
163 1202 183 1241 et
195 1200 280 1252 Spiritus
295 1197 363 1240 Sancti
377 1198 500 1239 characteres
515 1200 543 1239 ita
557 1200 646 1250 impressi
659 1202 713 1249 suut,
734 1203 755 1239 ut
767 1201 837 1239 selue

88 1267 113 1305 lis
127 1278 192 1305 eorum
208 1268 228 1306 et
242 1267 314 1305 aculeis
328 1266 450 1306 barbarorum
464 1264 559 1306 lromiuum
574 1265 633 1306 corda
649 1267 774 1317 conpuncta,
791 1278 835 1305 ser-

89 1334 150 1373 monis
164 1334 233 1372 ardore
249 1333 269 1371 et
282 1332 384 1372 maiestate
398 1332 477 1382 ingenia
491 1344 563 1371 summa
577 1332 684 1382 commota,
703 1334 775 1381 gentes
788 1345 837 1372 cou-
857 1371 859 1380 ,¹

88 1411 180 1450 vermes
192 1398 271 1438 saecula
289 1398 385 1436 renovata
403 1398 450 1448 siat,
469 1397 607 1449 Apostolorum
627 1398 701 1448 iuquam
714 1385 786 1450 scripta
799 1393 838 1438 noss

89 1467 125 1505 stri
142 1461 235 1516 temporis
253 1464 326 1512 vcriticis
343 1463 409 1501 eadem
426 1462 478 1514 loqui
495 1464 586 1503 ridentur
604 1475 652 1515 quae
671 1462 776 1504 Olerueutis
793 1463 836 1504 Re*

89 1531 212 1583 cognitiones
226 1531 246 1569 et
257 1531 329 1583 somnia
340 1529 480 1568 Gnosticorum.
507 1528 613 1569 Conferant
621 1529 649 1567 illi
659 1531 732 1568 textum
744 1529 837 1571 Graecum

89 1598 109 1637 et
129 1598 238 1637 versionem
258 1596 370 1647 Syriacaur,
395 1597 417 1633 ut
435 1606 483 1647 quae
502 1596 528 1635 sit
547 1597 645 1636 doctrinae
664 1596 769 1635 diuersitas
782 1608 836 1638 saec.

88 1662 104 1704 l.
129 1665 149 1705 et
171 1663 197 1703 ll.
222 1665 349 1713 cognoscant.
380 1661 497 1702 Adulterato
522 1666 585 1703 autem
610 1665 697 1702 doctriua
717 1664 754 1702 nou
774 1666 837 1715 potuit

90 1729 191 1785 Scriptura
209 1741 246 1768 non
266 1729 323 1768 allici
351 1728 453 1778 Scriptura
467 1730 561 1778 Syrorum
576 1731 621 1781 part
622 1729 645 1766 im
661 1740 728 1767 maaca
743 1732 774 1769 est
788 1742 836 1781 par-

89 1796 123 1836 tim
142 1796 257 1836 adulttaera
291 1796 332 1848 Quo
352 1797 438 1844 ternpore
453 1793 519 1834 Canon
536 1808 577 1845 eum
596 1794 619 1834 ael
634 1794 708 1832 morium
722 1796 837 1835 constitutus

89 1862 125 1912 sit,
150 1862 212 1914 qualis
231 1861 289 1911 Syris
310 1860 402 1910 acceptus
421 1860 462 1909 est
487 1859 564 1899 lil'ficile
583 1862 614 1898 est
632 1859 738 1910 explicare.
772 1862 837 1913 Supra

89 1928 206 1979 mouubmrs,
220 1925 346 1977 liplrraeurum
361 1888 484 1977 Apocalypsi
498 1927 519 1964 et
534 1925 621 1977 epistolis
635 1925 734 1966 catholicis
751 1927 836 1966 oruuibus

88 1996 110 2035 ut
132 1994 186 2033 libris
209 1993 322 2045 apostolicis
345 2003 400 2029 usum
424 2002 475 2029 esse.
494 1991 562 2034 ¹Umle
581 1992 659 2042 llugius
683 1995 835 2042 argumentatur,

88 2058 225 2112 Apocalypsin
237 2060 284 2110 post
293 2057 396 2109 llplrraemi
409 2058 496 2109 tempora
508 2069 533 2096 ex
544 2059 610 2098 codice
620 2059 643 2097 N.
655 2058 679 2097 Τ.
688 2061 779 2098 remotam
790 2071 835 2098 esse

88 2136 150 2177 neque
170 2125 211 2164 eius
229 2125 339 2164 versionem
358 2123 472 2179 Syriacam
492 2137 529 2176 qua
549 2126 581 2163 ille
600 2129 645 2163 usus
665 2126 700 2175 sit,
719 2125 742 2163 au
757 2126 836 2171 saecula

74 2191 197 2245 ‘posteriora
217 2190 340 2243 pervenisse.
372 2188 444 2229 Nescio
465 2192 551 2243 omniuo,
574 2203 616 2230 muu
636 2190 660 2229 le
677 2188 756 2241 Cancro
775 2190 800 2232 V.
815 2194 836 2231 et

87 2255 112 2295 N.
128 2255 152 2295 Τ.
166 2257 292 2299 traditionem,
303 2256 374 2294 lituram
393 2256 414 2295 et
432 2259 550 2298 constantem
566 2261 599 2298 aut
614 2257 741 2298 Gouerrroruu
756 2259 835 2299 ‹leereta

87 2318 135 2372 syri
152 2323 214 2362 secuti
228 2323 272 2361 sint.
300 2322 388 2360 Laudant
402 2323 476 2373 quidem
491 2323 581 2363 Uonones
595 2324 713 2375 apostolicos
728 2326 748 2362 et
762 2324 835 2364 Laeli-

87 2399 145 2428 eeuos
164 2387 335 2427 Bar-Hebraeus
354 2389 374 2427 et
391 2387 516 2427 Berrassalius
527 2388 558 2442 Ι),
583 2393 603 2431 at
619 2401 668 2429 vero
687 2390 706 2427 iu
725 2390 834 2430 uniuersum

86 2455 141 2494 tauta
153 2454 251 2493 librorum
259 2452 380 2505 perturbatio
395 2454 426 2492 est
440 2453 521 2492 maxime
536 2455 554 2492 iu
569 2454 594 2493 V.
608 2455 645 2503 T.,
660 2455 681 2492 ut
695 2454 736 2493 iere
752 2455 775 2495 arl
788 2456 834 2496 libi-

86 2522 125 2560 tum
139 2521 199 2560 libros
213 2520 315 2576 accepisse
330 2520 350 2558 ct
364 2518 482 2569 reprobasse
498 2521 607 2559 videantur.
634 2518 655 2558 lu
670 2519 749 2561 Garrorre
764 2523 832 2563 libel·
879 2505 881 2518 Α

61 2623 64 2625 .
86 2586 128 2624 iesu
152 2585 246 2626 Sobensis
268 2576 382 2626 alliciuntur
405 2584 460 2624 libris
480 2585 506 2624 V.
525 2585 551 2624 Τ.
572 2586 632 2636 ipsius
652 2586 729 2640 loseplri
745 2588 791 2628 libri
812 2592 833 2630 et

85 2652 163 2707 traditio
183 2652 295 2702 Saniorum,
320 2664 375 2703 quam
395 2651 513 2691 Assemaaus
530 2651 634 2692 bliselmam
651 2652 709 2694 babet
727 2668 739 2695 a
757 2655 833 2695 ludaeis

87 2746 215 2755 m—w-

148 2801 167 2845 1)
180 2801 205 2836 Gi
218 2801 283 2837 Assem.
295 2801 314 2836 B.
327 2801 346 2836 0.
358 2801 379 2837 ll
392 2813 408 2846 p.
420 2803 435 2838 5.
448 2804 464 2839 6-
