1786 3062
92 112 136 177 aar

96 247 140 302 quin
159 258 185 286 ex
204 247 294 286 versione
308 245 387 285 icaunam
403 247 470 287 textus
481 245 556 286 vGraeci
569 247 653 288 nativam
667 246 761 297 indagare
775 243 845 298 uhique

93 316 118 355 -et
137 315 249 360 construere
263 313 372 364 possimus3
392 313 449 352 vetat
464 322 523 361 porro
538 313 752 365 iraterpretislicentia,
773 311 846 351 ohscu-

96 382 144 421 ritas
164 382 184 421 et
200 389 333 431 nonnunquam
351 376 473 419 hallucinatio
492 378 586 430 animique
600 378 708 430 hehctudc,
720 382 749 416 'ne
764 378 796 416 uni
810 377 847 416 de·
890 405 892 411 »

97 446 153 486 flexit
167 447 187 486 ic
206 445 377 497 interpretatione,
395 444 450 484 aliter
465 457 506 484 eum
520 444 596 495 legisse
610 447 717 485 statuamus
731 444 750 484 in
764 442 846 484 Graeco

98 512 174 554 Etenim
195 508 291 562 mutavit,
314 512 397 553 detorsit
417 513 540 565 contulitque
560 510 625 551 inculta.
645 510 791 566 xPorro-tanta
810 522 849 550 non
890 563 891 568 Ἰ

100 580 132 620 est
147 579 196 621 tides
212 567 336 630 scripturae,
357 578 418 632 qualis
437 578 489 630 apud
503 578 567 628 Syros
581 579 662 627 recepta
678 578 720 627 est,
740 579 762 617 ut
777 579 814 617 rite
829 578 849 616 in

102 646 188 686 ornruihus
205 646 226 684 et
239 644 334 694 religiose
347 644 366 683 id
380 641 505 684 seruauerint
518 644 538 683 ct
552 642 679 693 reddiderint,
695 642 746 694 quod
759 643 778 683 iu
791 644 849 683 auto-

102 711 178 765 graphc
192 710 268 752 Graeco
286 709 398 759 legebatur.
424 709 528 750 Dubitatur
542 710 629 763 quidem,
647 709 709 748 utrum
723 710 747 749 ah
763 710 816 750 initio
830 711 850 749 iu
891 731 893 735 ν

15 809 17 814 ,
45 769 49 774 ’
70 830 72 832 ¹
102 776 191 828 Simplici
208 776 252 817 lihri
271 775 347 815 et-lcci
366 776 451 815 nonnulli
470 776 575 816 desiderati
598 787 621 816 an
639 777 709 828 postea
723 771 851 829 abiecti‘sint,
892 812 893 815 ,

102 841 166 895 neque
180 842 228 884 certi
243 842 345 895 quidquam
356 841 393 883 hac
408 842 432 882 de
444 853 466 883 re
478 843 537 884 statui
547 842 623 894 potest,
638 841 674 881 nisi
687 840 768 882 historia
785 842 852 883 eccle·
892 835 893 845 ¹

104 910 184 949 siastiea
206 908 279 949 saeculi
301 908 355 961 eius,
383 908 435 962 qnod
459 909 505 962 past
527 911 612 950 mortuos
636 909 751 968 Apostolos
766 912 852 950 secutum
871 922 873 924 ’

105 977 148 1029 est,
165 974 282 1017 documentis
295 976 351 1015 nouis
365 975 479 1016 illustratum
493 976 558 1016 fuerit.
584 975 630 1016 llleo
646 976 721 1029 quidem
735 975 804 1016 indicio
816 976 853 1016 de-

105 1042 169 1083 iectus
190 1043 219 1082 illi
241 1053 279 1081 uon
296 1043 334 1082 tarn
353 1041 422 1092 Syris,
446 1054 500 1094 quam
517 1043 540 1082 iis
560 1042 670 1082 doctoribus
687 1041 783 1082 tribuendi
803 1044 854 1094 sunt,

107 1110 139 1162 qui
155 1108 251 1149 ecclesiae
265 1106 369 1147 orientalis
382 1107 429 1157 pcst
436 1106 544 1158 Apostolos
553 1097 640 1148 rectores
651 1108 774 1148 exstiterunt.
802 1108 855 1148 Intra

106 1173 224 1225 videbimus,
247 1172 352 1212 doctrinam
366 1171 471 1223 'Simplicis
488 1173 578 1213 intectam
599 1185 644 1213 esse
661 1174 729 1213 iisdem
749 1175 855 1228 erroribus,

107 1252 155 1293 quos
170 1252 224 1281 saec.
236 1237 262 1278 ll.
276 1239 295 1277 in
305 1237 388 1278 ecclesia
397 1236 488 1277 Orientali
498 1229 680 1293 animadvertimus,
688 1243 745 1295 atque
755 1243 772 1281 si
782 1241 856 1293 quando

107 1304 188 1355 historia
200 1305 257 1346 illius
277 1305 321 1343 aevi
335 1304 413 1343 detecta
428 1305 498 1357 iurarit,
517 1297 629 1360 apparebit,
648 1307 699 1360 apud
714 1319 806 1361 quosnam
819 1320 856 1348 ec-

59 1389 60 1392 *
109 1371 181 1413 clesiae
194 1368 325 1412 hierarchicae
342 1372 363 1411 et
376 1370 489 1422 disciplinae
505 1372 611 1412 catholicae
626 1374 712 1423 origines
727 1373 856 1428 quaerendae,

109 1438 177 1492 quihus
192 1437 281 1477 detectus
293 1436 406 1494 Scripturas
421 1439 442 1477 et
456 1436 513 1478 drrhia
527 1438 623 1479 adversus
638 1439 857 1494 librossirrgrulosp1¹c-

67 1547 68 1551 ,
109 1505 162 1545 mota
180 1502 280 1546 tribuenda
299 1502 344 1542 sint.
377 1500 452 1544 causas
467 1505 589 1555 dogmaticas
601 1507 675 1557 inisse,
693 1518 726 1548 cur
739 1507 758 1547 in
771 1505 858 1560 Simplici

80 1564 82 1566 ’
110 1570 204 1624 quaedam
223 1568 316 1619 neglecta
336 1568 386 1620 siut,
411 1570 485 1622 cuique,
499 1582 526 1610 ex
543 1583 603 1623 supra
621 1571 677 1612 dictis
697 1574 784 1625 patuisse
802 1576 858 1625 putor

110 1636 179 1689 Neque
197 1647 249 1677 saec.
267 1634 282 1674 I.
298 1635 318 1674 et
331 1633 357 1674 ΙΙ.
371 1636 446 1675 textum
461 1635 574 1688 Scripturas
589 1636 663 1678 Sacrae
682 1639 730 1679 alias
744 1640 859 1680 cruciationes

97 1703 213 1754 >expertum
235 1711 279 1739 esse
297 1703 357 1753 puto,
381 1702 417 1740 nisi
435 1714 485 1756 quae
505 1702 608 1743 doctrinam
625 1700 775 1755 spectaverint(
796 1699 859 1761 Quiane

113 1769 131 1807 si
146 1768 216 1807 missas
236 1766 316 1807 iacircns
336 1769 403 1808 textus
420 1769 526 1808 varietates
541 1768 565 1808 oh
579 1782 649 1809 causas
665 1770 786 1822 dogmaticas
800 1774 859 1814 inve-

113 1836 167 1887 ctas,
188 1835 208 1874 in
229 1833 287 1873 rebus
311 1834 382 1893 ceteris
402 1847 439 1874 nou
457 1834 526 1886 video,
551 1847 584 1874 cur
601 1838 675 1876 textum
694 1838 799 1892 Graccuru,
822 1852 859 1892 quc

112 1899 176 1953 Syrus
195 1900 292 1951 interpres
311 1912 358 1939 usus
379 1903 421 1953 est,
442 1903 608 1952 consimillimnm
623 1903 684 1943 fnisse
699 1907 788 1957 putemus
801 1906 861 1958 Apo-

65 1973 72 1981 ”
112 1966 206 2008 stolorum
226 1965 361 2018 autographis.
393 1965 435 2006 Sed
454 1969 562 2008 accuratius
580 1968 611 2008 hic
626 1969 757 2021 inquirendum
773 1974 805 2013 est
818 1974 861 2024 pri-

112 2045 162 2073 mum
177 2032 201 2072 de
217 2031 273 2073 textu
286 2031 384 2083 Simplicis
399 2032 453 2083 ipsc,
473 2032 540 2073 deinde
555 2035 580 2075 de
594 2034 696 2087 Scriptura
710 2035 797 2091 Graeca,
811 2051 862 2091 qua-

73 2096 76 2098 ’
112 2098 138 2138 lis
154 2097 207 2149 Syro
227 2099 330 2151 proposita
347 2098 411 2136 inerit.
444 2097 520 2139 Garrsas
540 2100 603 2140 nrrllas
622 2113 678 2153 esse,
702 2115 735 2143 cur
754 2105 778 2144 de
794 2106 862 2145 textus

114 2162 192 2214 Syriaci
211 2163 350 2203 delorrautione
360 2160 388 2210 'et
402 2176 474 2215 magna
488 2166 597 2206 uariatione
612 2168 731 2219 cogitemus,
752 2183 811 2224 supra
825 2171 863 2211 do-

115 2229 193 2269 cuimus.
226 2228 335 2270 Caratacus
354 2229 429 2283 quldem
448 2230 535 2271 editurus
555 2233 587 2272 est
601 2237 752 2286 „recensionem
766 2237 866 2289 Evangffi

114 2295 182 2335 liorum
202 2295 361 2347 antiquissimam,
384 2296 466 2336 inondum
483 2298 502 2337 ln
521 2297 599 2351 lluropa
618 2293 753 2351 aegidianus
773 2301 864 2344 iudicium

114 2373 153 2401 uon
172 2361 271 2399 ferendum
285 2363 329 2400 aute
343 2373 383 2416 rem
397 2365 531 2416 conspectama
550 2366 586 2406 uix
599 2368 661 2408 tamen
677 2370 796 2422 putaverim,
813 2372 864 2411 inrd-

115 2431 154 2471 tum
172 2427 231 2467 hodie
251 2426 449 2478 distareSirnplicem
468 2431 492 2467 ah
511 2431 545 2469 illa
563 2433 638 2484 fornia,
660 2446 698 2486 qua
716 2436 795 2486 primum
811 2447 864 2477 saec.

115 2494 200 2534 secundo
219 2490 297 2545 prodiit.
329 2491 404 2531 Etenim
426 2494 442 2531 si
461 2506 498 2547 quo
514 2496 600 2547 ternpore
620 2510 665 2538 cura
684 2502 755 2544 rnnaiore
768 2503 866 2543 recensita

115 2561 136 2600 et
155 2556 392 2599 corrrruuni,'eeclesiarum
412 2570 507 2598 consensu
525 2560 574 2601 haec
588 2566 676 2604 recensio
691 2566 774 2616 proheta
787 2568 864 2620 fuisset,

115 2624 243 2678 proculdubio
261 2624 383 2663 correctores
402 2624 525 2667 innundassent
539 2641 580 2668 earn
594 2643 605 2670 a
620 2632 688 2670 naevis
702 2632 799 2686 plurimis,
817 2647 866 2688 qrros

114 2691 174 2732 facile
192 2691 236 2730 erat
255 2688 372 2741 expungere
386 2692 407 2730 et
420 2692 530 2748 emendare,
547 2696 603 2735 mnodo
619 2698 693 2738 textum
709 2698 802 2740 Graecum
815 2693 866 2741 vcon-

97 2803 98 2806 ,
115 2757 214 2800 tulissent.
246 2755 315 2809 Neque
333 2756 387 2796 tanta
400 2759 455 2799 esset
468 2760 553 2802 codicum
574 2763 676 2805 similitudo
695 2767 716 2807 ot
730 2768 798 2809 ,textus
817 2766 867 2824 apud
