1786 3062
75 140 102 182 ee

76 256 148 306 prinms
167 252 243 293 Gabriel
259 252 347 303 Sionita5
367 253 458 312 Rsaberii
474 253 547 307 enitor,
569 254 681 306 argumento
696 265 741 294 esse
756 253 825 305 voluit,

77 323 184 361 versionem
208 318 233 357 V.
256 318 281 356 Τ.
299 319 400 370 Syriacam
425 319 496 359 faetere
517 334 561 362 esse
581 324 625 362 erite
643 323 730 371 tempora
747 319 825 372 Christi,
882 315 884 320 ’

77 389 121 439 quia
131 386 202 425 Paulus
218 384 279 423 iocum
292 385 344 423 iilum
357 384 444 425 attulerit
457 397 499 424 enm
508 387 527 425 in
536 390 620 440 medum,
634 389 655 427 ut
664 387 706 427 sela
715 388 734 427 in
743 386 825 438 Syriaca

76 455 165 492 versione
179 452 265 502 legatur.
293 451 322 491 At
337 464 384 492 vero
395 452 427 491 aiii
437 452 456 490 id
465 453 526 504 ipsum
536 455 623 495 indieium
633 467 677 495 esse
686 455 789 494 vreiuernnt
799 451 825 511 ¹),
861 477 864 480 -

75 521 185 559 versionem
198 520 268 558 saetam
278 530 322 558 esse
331 532 342 558 a
351 521 393 557 vire
405 517 525 570 Christiane,
540 522 572 572 qui
583 522 601 559 in
610 522 687 560 Psalmo
697 522 730 560 illo
740 533 777 560 non
787 522 824 560 tam

44 616 47 621 »
76 581 475 642 PsaimiquamPaniiverbareddiderit.
502 586 533 625 nx
542 581 661 626 Psahnermn
670 588 825 641 inscriptionibus

77 657 133 705 origo
144 642 253 695 Christiana
262 653 340 703 probari
349 653 423 703 nequit;
437 656 507 704 postea
517 655 564 692 enim
574 655 630 693 iaeiIe
639 654 764 694 addebantur.
779 639 825 694 nla-

76 723 128 760 xime
147 732 195 759 vero
212 730 283 766 versus
303 719 372 758 tertius
386 719 457 758 Psalmi
471 719 525 772 CX„
544 731 634 772 perquam
650 719 682 758 iile
697 720 773 771 quidem
788 720 825 758 ob*

77 800 144 827 semus
163 789 183 825 et
202 786 256 825 uario
277 785 333 824 mede
348 786 450 837 expositus
463 809 491 814 —-
504 786 528 825 de
542 785 588 825 lesu
600 786 663 826 dietus
678 785 740 826 videri
755 787 825 837 possit,

76 855 114 894 Dei
131 854 169 893 biio
185 854 276 902 aeterno,
295 863 320 890 er
334 853 389 892 utere
404 853 487 904 virginis
500 854 552 892 nato.
581 853 661 893 Haesito
676 854 771 893 tamenin
787 852 825 891 im-

38 963 40 965 ,
77 923 106 960 ins
118 922 156 960 ioei
169 919 339 970 interpretatione,
353 921 439 970 nescius,
455 919 499 972 qnid
514 919 550 958 sibi
565 909 648 958 voluerit
658 919 728 970 Syrus.
757 918 826 971 Neque

78 977 196 1028 erbiiebae
215 998 256 1037 eap.
274 984 299 1023 V.
319 985 352 1024 vei
368 985 406 1024 les.
422 985 467 1037 VH,
487 985 520 1026 14.
536 984 656 1025 Christianae
670 985 750 1035 originis
763 997 826 1034 argu-

78 1058 142 1095 mente
157 1043 218 1094 solida
233 1053 293 1105 premi
308 1054 399 1103 possnnt3
420 1054 457 1091 tum
473 1052 529 1091 etiam
543 1051 678 1101 Targnmistas
692 1049 826 1103 tuisseGbri-

78 1125 151 1162 stianos
173 1119 302 1172 probaverim.
338 1118 384 1156 ibam
407 1120 479 1157 antem.
492 1120 591 1170 utriusque
609 1117 730 1156 Testamenti
748 1116 827 1168 Syriaci

78 1189 169 1229 rationem
191 1184 281 1235 dixerim,
307 1184 329 1222 ut
350 1183 418 1223 eedem
443 1185 484 1223 iere
507 1186 605 1236 tempore,
628 1184 706 1224 saeeuio
729 1176 826 1225 naseentis

79 1255 229 1296 Christianorum
252 1250 358 1303 ecelesiae,
381 1252 401 1290 et
423 1251 448 1291 V.
470 1251 494 1290 Τ.
519 1263 546 1290 ex
563 1251 653 1291 Hebraeo
676 1252 695 1290 et
716 1252 740 1290 N.
758 1252 783 1291 Τ,
801 1264 827 1291 ex

78 1322 153 1362 Graeeo
175 1330 263 1359 sermone
285 1317 378 1356 translata
403 1318 442 1356 sint
460 1316 543 1369 Syriaee
562 1317 585 1355 ab
603 1317 740 1369 interpretibus
758 1318 827 1358 sobriis

77 1390 98 1429 et
110 1388 160 1427 bene
173 1384 241 1437 peritis
251 1380 279 1437 ²).
613 1424 617 1428 ,

141 1451 180 1491 lam
200 1462 248 1491 vero
269 1451 293 1489 de
310 1450 374 1502 patria
392 1449 488 1489 versionis
504 1447 550 1500 Syr.
564 1450 589 1490 V.
605 1450 630 1491 Τ.
646 1450 703 1491 dubia
716 1451 771 1491 nobis
784 1463 827 1490 mo-

79 1522 149 1562 ventur
164 1531 175 1558 a
190 1518 233 1557 viro
247 1517 266 1555 in
279 1516 349 1568 litteris
364 1515 451 1568 Syriacis
465 1516 626 1558 exercitatissimo
641 1520 661 1558 et
675 1518 752 1558 eximio.
780 1518 827 1557 Wi-

78 1597 167 1628 semarms
185 1585 206 1634 (i.
226 1596 243 1623 e.
263 1595 311 1635 pag.
330 1582 376 1623 129.
390 1583 431 1637 sq.)
445 1583 522 1630 scribit:
540 1584 689 1636 „Reperiuntur
703 1586 721 1624 in
736 1585 827 1625 versione

78 1644 161 1707 Syriam
176 1651 238 1704 verba
256 1650 418 1701 quamplurima,
435 1662 484 1704 quae
500 1650 616 1702 Edessenis,
637 1651 661 1691 ad
676 1663 723 1703 qnos
738 1651 828 1703 bipbrae-
859 1696 861 1698 ,

79 1735 120 1762 mus
136 1733 181 1760 suos
196 1718 255 1758 libros
271 1717 340 1768 dabat,
360 1718 396 1755 iam
411 1718 479 1767 ignota
497 1718 551 1756 erant
565 1717 599 1756 vei
611 1719 769 1769 peregrinitatem
784 1717 828 1757 oie-

79 1786 147 1829 bant.“
175 1784 211 1826 Oui
224 1785 253 1824 rei
265 1784 342 1823 innixus
355 1784 430 1835 quaerit
444 1784 475 1823 vir
489 1782 621 1835 doctissimus,
638 1795 716 1836 „nonne
730 1784 829 1824 dicendum

84 1872 212 1881 .--—-——-

80 1931 101 1965 rie
117 1928 185 1964 Cirristo
202 1926 240 1969 „ad
253 1919 331 1960 >uterinam
347 1926 379 1960 ner
394 1927 476 1961 exaltatus
488 1925 520 1968 τήν
532 1939 550 1961 τε
560 1925 663 1972 ἐπαγγελίαν
674 1925 706 1961 rot
717 1926 830 1973 epinoema-

78 1997 134 2030 ματος
147 1981 206 2028 λαβών
219 1979 267 2024 nepe?
283 1980 399 2026 τοῦπατρὸς,
410 1980 463 2024 ἐξέχεε
476 1980 527 2014 τοῦτο
540 2005 544 2014 .
557 2004 561 2014 .
573 1986 588 2013 .¹‘
611 1980 671 2015 Nonne
683 1982 701 2015 id
709 1984 772 2027 ipsum,
785 1984 830 2028 qnml

79 2042 145 2085 aceepit
159 2038 204 2072 iilius
220 2036 294 2070 beminis
311 2046 321 2070 a
335 2034 394 2080 Pane,
417 2047 454 2071 eum
466 2036 581 2071 tantummodo
597 2036 619 2070 ad
630 2036 679 2071 finem
690 2038 797 2081 impetravit,
812 2042 831 2072 nt

79 2095 189 2131 distribueret
205 2091 315 2127 hominibus?
334 2090 394 2127 Nonne
406 2091 469 2126 Paulus
487 2091 505 2126 id
520 2093 568 2126 urr'ree
580 2093 617 2137 agit
627 2093 645 2125 in
657 2093 730 2136 epistota
742 2093 763 2127 ad
774 2092 830 2139 Epire-

80 2154 126 2194 sios,
146 2154 165 2184 ut
180 2150 253 2184 eeeiesie
269 2149 326 2182 emnia
342 2157 386 2192 quae
398 2151 437 2182 sumt
448 2146 520 2189 Cirrisii,
538 2147 571 2181 sihi
583 2157 621 2181 esse
634 2157 716 2182 eoneessa
727 2152 743 2182 et
754 2159 802 2183 snum
813 2151 831 2184 in

79 2217 127 2242 usum
140 2207 238 2248 eomparata
248 2201 346 2246 intelligat?
684 2196 686 2198 ’

147 2261 166 2303 1)
183 2259 208 2293 Cf.
225 2258 319 2299 Celtarius,
339 2254 423 2300 Eueerpta
438 2256 458 2291 V.
475 2255 496 2290 T.
513 2254 580 2299 Syriae
595 2258 613 2290 in
624 2257 679 2300 praei.
692 2260 708 2291 et
720 2256 831 2301 carpzovms,

81 2315 144 2351 Gritiea
156 2315 214 2349 Saeua.

146 2371 165 2414 2)
181 2369 200 2404 ln
216 2368 236 2402 V.
252 2366 272 2400 T.
289 2364 396 2399 observanda
412 2367 438 2398 est
455 2373 485 2406 ea,
502 2375 546 2409 qnae
558 2366 603 2398 inter
614 2363 674 2408 Syrum
686 2363 776 2398 iniereedit
787 2368 831 2401 ratio

82 2426 144 2471 partim
160 2434 195 2459 oum
205 2422 322 2458 Hebraeorum
337 2419 429 2453 traditione
446 2420 533 2463 enegeiioa
548 2420 609 2463 pamim
621 2428 657 2452 eum
669 2419 748 2454 versione
759 2418 833 2457 nunn-

59 2471 65 2478 ”
82 2482 121 2514 mii.
143 2479 197 2514 Porro
215 2479 267 2514 muira
284 2477 334 2510 etiam
348 2477 366 2509 in
380 2474 400 2510 V.
417 2474 438 2510 Τ.
455 2484 475 2509 ex
487 2473 618 2508 Hellenistarnm
634 2474 693 2517 lingua
704 2478 773 2520 recepta
785 2481 832 2520 sunt3

83 2557 109 2580 ea.
121 2555 148 2590 gr,
159 2546 187 2578 leu
197 2544 272 2579 redditur
282 2533 377 2591 imm
401 2538 520 2574 nonnarum.
530 2538 550 2573 T.
558 2536 629 2583 Spriaeo
638 2539 720 2583 qnaedmn
730 2540 752 2584 ad
760 2540 833 2577 Iudaeo.

83 2644 120 2669 rum
135 2642 183 2666 nsum
199 2630 278 2675 loquendi
293 2628 384 2664 referenda
399 2630 447 2669 sunt,
461 2630 480 2661 ut
495 2617 630 2675 iitrrd'tttffiit,
641 2628 671 2662 ubi
681 2631 700 2663 in
711 2627 777 2665 Graeeo
789 2629 833 2677 ἔθνη

84 2710 97 2735 s.
109 2696 198 2741 Ἕλληνες.
220 2694 284 2729 blerito
300 2695 349 2727 eiiam
361 2693 440 2727 laudatur
451 2691 472 2726 N.
484 2691 504 2727 T.
518 2693 614 2744 interpres,
630 2695 676 2739 quod
687 2695 743 2730 multis
756 2696 774 2731 in
785 2697 833 2732 loeu-

55 2750 57 2755 ’
83 2753 170 2794 tionibus,
190 2747 234 2796 qnas'
246 2747 355 2783 Hebraismos
370 2746 465 2792 appeliant,
482 2748 504 2782 ad
520 2747 540 2783 V.
556 2747 577 2783 T.
593 2749 675 2802 formulas
691 2754 708 2786 ei
719 2751 782 2786 idioma
793 2762 835 2797 pruo-

77 2812 127 2845 ,rime
139 2807 214 2843 aer-edat.
