1786 3062
745 73 797 121 181,

19 235 20 238 ¹
42 204 84 252 cato
100 212 145 250 eos,
160 199 191 252 qui
204 199 233 238 tot
234 210 263 237 arn
277 207 312 250 per
324 197 384 253 vitam
398 196 454 236 morti
467 194 546 235 obnoxii
562 194 623 233 erant.
651 189 680 230 lla
693 189 717 229 de
729 198 789 228 causa

42 269 96 322 libuit
110 267 133 305 11
141 277 163 304 se
178 264 277 316 appellare
289 263 346 302 lilium
357 263 437 302 hominis
451 259 509 314 ¹.=²]

107 323 147 373 sed
169 330 216 371 haec
238 331 333 386 suliieiant
355 329 380 367 ad
398 329 486 367 demens
487 325 576 375 randmn,
602 323 648 375 qrrot
673 323 694 360 et
719 321 789 373 quanta

43 398 127 441 subsidia
142 397 209 448 atterat
222 410 263 438 oum
278 381 345 456 lingua
358 396 441 448 Syriaca
455 393 513 434 tum¹
507 389 587 444 ipsall.
601 389 627 428 Τ.
642 388 713 428 versio
722 390 789 427 nostra

43 466 67 505 ad
85 464 229 515 intelligendam
249 465 269 503 et
283 463 415 516 explicandam
433 459 609 501 terarunotronem
624 453 789 497 carumlocum
807 503 809 507 1

42 544 96 582 mm,
121 542 169 591 quae
187 531 329 571 universaeN.
344 529 369 568 Τ.
389 528 477 569 dictionis
492 525 548 580 quasi
561 523 668 563 rudimenta
684 522 704 562 et
717 521 791 561 funda-

43 599 107 637 menta
117 596 234 649 appareant.
262 598 336 638 hitenim
352 597 429 654 neseio,
445 596 512 647 quot
497 592 573 633 tandem
586 589 728 629 aberffltrareme
740 598 790 640 quos

44 663 126 717 denique
144 663 187 703 mihi
206 665 253 704 tines
270 664 416 713 constituerem,
435 663 496 710 omnia
510 660 527 700 si
541 657 632 710 amplecti
644 654 727 705 vellem,
741 666 790 706 quae

44 741 71 769 ex
90 724 172 782 Spuiaco
192 730 246 769 simul
266 732 286 770 et
306 730 396 769 Hebraeo
414 729 504 767 idiomate
522 725 611 777 prolerre
628 722 688 762 licent
706 720 791 760 adlllu-

44 796 133 834 strandas
146 781 318 843 llvaugelistarum
335 797 354 833 et
367 794 507 844 Apostolorum
525 789 639 829 sententias.
665 788 731 827 Pauca
745 788 791 825 tan-

44 861 139 900 tummodo
153 860 288 899 subnectamus
303 859 404 910 exempla,
424 858 491 909 quihus
505 869 530 908 pa
532 849 584 905 teat,
600 854 682 905 phrases
697 855 718 891 et
731 864 793 891 voees

45 925 70 964 N.
89 925 114 964 Τ.
132 925 223 977 plmimas
242 925 318 964 felicius
338 925 358 964 et
376 923 480 985 simplicius
500 934 538 962 non
551 932 612 974 posse
627 919 720 959 illustrari
736 930 793 972 quam

47 1003 73 1031 ex
88 992 180 1042 analogia
194 993 287 1030 sermonis
302 992 386 1043 Spriaei.
819 979 821 982 V

110 1057 227 1097 Ditiieillima
251 1060 282 1098 est
302 1057 379 1109 phrasis
397 1056 439 1112 litat
432 1054 491 1096 ithaci
508 1067 525 1096 e.
544 1051 642 1104 XXVIII,
661 1050 692 1092 l.:
715 1050 754 1105 ope*
773 1052 795 1096 δὲ

46 1122 151 1174 σαββάτων
161 1111 194 1180 γτῇ
211 1122 346 1181 ἐπιφωσκούσῃ
360 1123 388 1171 εἷς
401 1125 449 1176 μίαν
460 1121 575 1174 σαββάτων,
592 1120 663 1172 in‘qua
677 1118 794 1171 explicanda

47 1191 101 1228 vario
120 1190 176 1229 modo
195 1190 312 1230 desudarunt
330 1191 453 1242 interpretes.
484 1189 546 1227 Recte
563 1188 582 1224 ni
598 1186 660 1224 fallor
676 1185 692 1223 l.
711 1185 737 1224 l).
751 1184 793 1223 llli-
811 1202 813 1204 v

48 1253 120 1293 olraelis
139 1256 159 1293 et
175 1253 261 1306 Adlerus
279 1256 297 1294 in
314 1255 404 1298 arrxilium
419 1254 515 1293 vocarunt
528 1249 644 1290 locutionem
658 1249 715 1300 Syris
731 1250 795 1288 nsita-·
818 1275 820 1281 ι

47 1320 145 1359 tissimam.
178 1321 248 1361 Solent
269 1324 317 1361 enim
340 1321 387 1373 Syri
408 1333 419 1359 a
437 1330 522 1370 vespera
541 1319 589 1356 diem
609 1317 731 1366 auspicantes
750 1316 807 1366 pri-¹

47 1397 96 1423 iriam
111 1385 148 1424 diei
163 1389 237 1439 partem
252 1390 326 1427 noctem
341 1387 378 1426 diei
388 1387 487 1440 sequentis
498 1384 622 1432 effulgentem
633 1383 704 1422 dicere.
732 1382 795 1420 Pror-

48 1474 82 1501 sus
95 1462 153 1514 plana
166 1465 210 1504 sunt
222 1463 318 1504 illatthaei
331 1464 393 1504 verita
405 1463 424 1502 iu
437 1474 490 1502 vers.
504 1460 601 1513 Simplici:
620 1465 665 1519 τις
675 1450 797 1512 μὶᾏῦ

49 1538 124 1597 tans
138 1566 168 1615 p»
178 1534 253 1628 (5th
267 1540 385 1598 thano
371 1562 455 1603 uespere
474 1550 562 1601 sabbati,
587 1560 643 1602 quum
662 1548 797 1589 illuscesceret

51 1638 92 1677 dies
111 1639 172 1689 prima
189 1639 279 1690 septidui.
310 1640 332 1679 In
352 1651 404 1679 vers.
417 1638 496 1678 Piniox.
509 1649 544 1689 pro
558 1638 631 1712 OQ]
648 1636 723 1686 legitur
738 1630 797 1687 5011,

52 1714 102 1766 quod
120 1714 236 1754 vocabulum
249 1715 351 1755 liliehaelis
364 1715 457 1766 probavit
473 1713 524 1765 apud
538 1713 601 1766 Syros
616 1713 640 1753 de
655 1701 738 1752 diluculo
754 1712 798 1764 diei,

52 1801 84 1828 ex
100 1802 117 1830 c.
136 1780 628 1863 1111181111111.1ᾪοὸ1111ὀ5ω1119ιο
636 1773 695 1850 sil?
706 1771 798 1836 ἰὲλο
823 1808 824 1811 =

50 1865 92 1924 ⁴125
109 1879 165 1917 noete
184 1878 245 1916 feriae
265 1878 371 1930 secundae,
391 1890 441 1931 quae
456 1876 482 1931 [s.
498 1890 535 1930 qino
551 1874 668 1930 tempore)
663 1888 682 1916 m
697 1875 798 1929 diluculum

51 1955 143 1994 sollennis
163 1955 224 1994 diei
219 1954 282 1993 ieiunii
301 1954 428 1994 illucescebat
436 1950 463 2008 2)
491 1954 532 1996 Sed
547 1955 600 1995 errat
614 1952 735 1993 Michaelis*
729 1966 749 1993 m
765 1964 798 2039 eo,

53 2074 181 2083 ...m—-

119 2157 138 2202 1)
153 2156 192 2191 Non
205 2157 255 2191 liuius
270 2157 304 2192 leet
320 2162 354 2201 est,
376 2168 412 2193 eum
423 2161 445 2193 iis
457 2159 554 2203 disputare,
572 2160 602 2204 qui
613 2159 702 2195 termulam
714 2159 765 2194 modo
776 2160 802 2194 di-

53 2218 97 2248 otam
116 2222 187 2257 prorsus
206 2212 257 2246 aliter
277 2213 367 2256 explicant.
395 2213 415 2247 ld
429 2217 494 2247 tarnum
509 2216 557 2248 uiros
573 2215 614 2248 illos
630 2215 740 2260 rogaverim,
761 2224 802 2258 pro-

53 2269 115 2303 hentne
130 2267 207 2312 regulam
221 2265 266 2301 hanc
282 2266 417 2302 hermeneutioes
433 2276 502 2308 sacrae.
523 2270 542 2302 ut
560 2266 581 2303 N.
598 2268 619 2304 T.
630 2270 726 2305 locutiones
740 2279 760 2303 er
771 2269 802 2314 illo

53 2323 134 2359 idiomate
154 2323 267 2367 explicentur,
289 2322 335 2369 (prod
350 2326 390 2358 turm
404 2324 486 2369 temporis
506 2326 525 2358 in
540 2322 640 2361 Palaestina
656 2327 744 2371 vulgatum
759 2327 803 2360 erat.

55 2379 97 2414 Sunt
112 2390 162 2420 sarie,
183 2381 212 2424 qni
228 2390 249 2414 ex
261 2378 332 2414 Platone
347 2379 375 2415 uel
386 2382 442 2414 nostri
453 2377 535 2424 temporis
547 2379 658 2425 plnlosopina
669 2381 729 2415 malint
740 2379 804 2427 Christi

55 2437 71 2468 ot
82 2433 202 2479 Apostolorum
214 2435 307 2469 sententias
318 2434 412 2471 illustrare.

121 2497 140 2542 2)
153 2497 219 2543 Optime
230 2498 303 2533 ridlerus
314 2503 381 2542 monet,
399 2498 511 2545 Epiphanimn
522 2501 547 2533 uti
559 2499 618 2534 eadem
629 2509 671 2534 rooe
683 2497 743 2533 eodem
754 2508 805 2533 sensu

57 2561 89 2596 quio
107 2551 212 2588 lilattlraeum
232 2556 250 2588 in
271 2564 330 2598 expos.
349 2554 377 2588 rid.
394 2555 457 2590 cathol.
471 2554 507 2598 (ed.
524 2553 591 2589 Petavii
605 2554 618 2588 Ι.
634 2566 651 2598 p.
667 2553 725 2597 1105.)
740 2546 805 2586 ἕντιὰι

10 2616 13 2650 1
56 2604 74 2639 δὲ
89 2604 148 2642 τόποις
163 2607 196 2652 τήν
211 2605 284 2651 (νύκτα)
298 2606 344 2652 μετά
358 2606 391 2652 τήν
406 2611 489 2653 πέμπτην
503 2605 619 2655 ἁγρυπνοῦνιν
635 2605 768 2652 ἐπιφωσκοῦσαν
777 2603 806 2653 Ἰεἷς

12 2652 15 2702 t
56 2657 77 2692 τὰ
90 2659 221 2705 προσάββατον.
246 2661 301 2707 Etiam
317 2665 444 2699 inserueram
460 2663 539 2698 Latinum
555 2662 762 2696 haeeloeutiotransiit.
784 2660 820 2712 ln!

14 2703 16 2740 t
57 2714 177 2758 epigrammate
188 2727 204 2752 a.
217 2717 255 2754 sel,
267 2717 312 2763 apud
323 2710 433 2752 Blanehinum
445 2719 519 2767 legitur:
529 2727 573 2765 puer
584 2719 634 2764 iratus
647 2741 651 2751 .
665 2742 669 2750 .
681 2742 685 2751 .
697 2715 741 2749 hora
749 2715 805 2766 innotis
818 2717 821 2722 '
