1786 3062
79 134 82 139 ’
118 142 163 197 αῖα

148 274 149 277 ¹
191 252 252 292 Recte
271 250 340 301 igitur
350 251 449 302 statuunt,
470 252 599 304 quimarime
614 264 639 291 ex
654 250 727 294 Vetere
741 249 873 302 Testamenta,

127 334 153 361 ex
176 319 268 360 versione
284 318 417 358 Alexandrina
440 319 460 356 et
477 329 551 366 genere
569 319 643 357 dicendi
664 311 781 370 temporibus
801 315 873 356 Christi

125 389 175 427 inter
183 386 266 425 ludaeos
281 385 374 425 consueto
387 383 488 441 dictionem
497 383 521 423 N.
531 383 555 422 Τ.
569 384 702 436 explicandam
717 396 761 423 esse
774 383 838 422 dieunt
847 380 873 436 ¹).

126 452 247 493 list-tamen
266 451 370 491 diversitas
387 450 437 490 inter
450 441 559 499 ilehraeum
576 452 596 489 et
615 449 730 490 Ararnaeum
748 450 817 489 idioma
836 449 873 487 oh-

127 520 226 561 serranda
242 520 301 572 atque
314 518 339 570 ti,
357 517 389 570 qui
402 517 426 555 dc
439 516 463 554 N.
478 516 502 555 Τ.
516 517 635 555 Hchrai'srnis
650 518 781 568 seripserunt,
800 515 875 555 felicius

130 597 171 626 rem
187 585 346 639 expetivissent,
369 584 386 621 si
405 583 496 621 rationem
515 582 569 621 simul
587 582 667 631 linguae
683 583 778 632 Syriacae
795 570 875 621 lrahnis-

85 649 88 651 ’
123 647 207 705 senen.
233 650 254 689 ln
267 649 292 689 V.
306 649 331 688 Τ.
349 647 410 687 hahes
425 648 487 687 stilum
501 648 623 698 historicum,
636 646 777 707 ⁷propheticum
792 649 811 686 et
824 658 875 698 pce-

130 717 194 757 llcnm.
226 714 335 755 llistoricus
356 714 387 752 est
406 713 544 765 brevissimus,
562 713 688 766 propheticus
705 716 783 765 poetico
798 714 877 752 nonita

130 783 229 824 absimilis.
256 769 301 822 xSed
325 781 346 818 ut
363 780 450 831 tempora
468 781 617 832 pro-cesserunt,
641 780 715 832 planior
733 780 792 819 liuere
812 780 877 830 coepit

131 850 193 888 oratio
211 838 295 887 et'illnd
309 846 400 899 loquendi
415 858 477 895 gerres
492 848 569 898 excoli,
589 846 638 899 qrrod
653 841 811 897 praedicatorium
827 856 880 885 nun-,

130 908 202 968 cupere
216 914 263 957 licet
276 915 297 954 et
309 912 361 965 qrrod
375 913 454 951 mixtum
468 915 499 953 est
507 913 589 963 singulis
599 912 673 952 dicendi
684 914 796 962 generibus.
818 911 876 957 „Pro-

130 981 201 1034 phetae
221 973 282 1020 onmia
299 980 341 1020 fere
359 991 394 1032 per
412 980 507 1030 imagines
524 980 675 1032 expresserant,
694 979 790 1023 coloribus
804 967 877 1018 viridis

124 1050 231 1101 poetarum
251 1058 311 1085 more.
343 1046 432 1085 Saeculis
454 1045 594 1098 posterioribus
618 1047 706 1094 coeptum
727 1048 769 1095 est,
792 1057 840 1096 quae
859 1046 877 1082 in

130 1113 188 1152 illese
206 1113 226 1151 et
238 1111 341 1162 Prophetis
360 1111 415 1149 vario
429 1111 485 1149 modo
502 1112 578 1163 depicta
593 1112 613 1149 ct
628 1110 738 1148 adumbrata
753 1111 877 1163 legebantur,

131 1179 155 1218 ad
174 1178 272 1219 doetrinae
291 1179 311 1216 et
327 1177 420 1228 planioris
438 1178 531 1216 sermonis
548 1175 646 1216 ior-emlam
660 1187 761 1216 reuocare.
789 1177 810 1217 ln
825 1178 878 1217 Tar-

131 1245 221 1295 gumistis
238 1242 275 1282 hoc
291 1243 373 1287 studium
393 1244 510 1295 saepissime
525 1245 617 1294 apparet,
635 1244 656 1280 ut
670 1254 707 1281 rum
722 1244 795 1282 nornine
810 1246 830 1283 et
842 1254 878 1283 una

131 1310 229 1352 sententia
250 1309 395 1360 propositiones
419 1311 439 1348 et
457 1310 551 1359 imagines
571 1309 638 1349 variae
650 1309 842 1362 „comprehendantur
860 1311 881 1350 et

131 1378 215 1429 imagine
233 1375 311 1416 sublata
330 1388 356 1414 ex
374 1376 471 1416 attributis
490 1377 554 1416 rrrultis
574 1377 632 1428 caput
649 1377 742 1427 quoddam
757 1378 777 1416 ct
789 1377 880 1417 articulus

132 1444 231 1485 doctrinae
249 1442 349 1482 formetur.
380 1442 401 1481 ld
420 1442 468 1481 enim
487 1444 555 1482 seriori
573 1442 663 1496 loquendi
679 1442 797 1497 docendique
812 1434 881 1494 generi

137 1550 265 1560 ...,...-....,.

134 1616 194 1651 mentis
211 1617 237 1652 uti
251 1614 338 1658 noluisse,
357 1624 416 1659 nempe
432 1618 451 1650 ut
465 1617 483 1650 vi
494 1615 568 1661 Spiritus
582 1614 668 1649 hominum
683 1616 748 1651 arrimos
763 1617 785 1651 ad
798 1616 881 1653 Christum

134 1675 214 1715 raperet,
231 1680 267 1705 non
281 1673 337 1704 autem
352 1671 435 1704 sermonis
451 1670 539 1705 blanditiis
554 1670 661 1706 adulatorum
676 1680 722 1704 more
739 1671 820 1706 alliceret
848 1673 881 1707 Sed

135 1735 186 1770 quum
197 1726 280 1760 orationis
291 1725 345 1768 ipsius
356 1725 409 1758 totam
421 1723 494 1758 indolem
506 1728 523 1759 et
533 1722 634 1768 χαρακτῆρα
644 1727 715 1769 propius
728 1727 827 1770 ceresidero,
843 1729 881 1763 nul-

136 1778 170 1814 lum
192 1788 225 1824 ego
242 1781 261 1814 in
280 1780 318 1825 ipso
334 1778 405 1814 Platone
420 1779 491 1815 similem
508 1780 685 1826 grandiloquentiam,
706 1783 772 1828 quoties
789 1783 815 1817 ilii
834 1783 884 1819 libuit

135 1836 216 1880 mysteria
225 1833 257 1870 Dei
269 1834 361 1877 detonare,
378 1836 441 1869 nullam
453 1837 471 1869 in
482 1834 595 1872 Demosthene
606 1845 665 1879 parem
676 1835 767 1880 δεινότητα
780 1841 883 1882 comperisse

134 1899 160 1924 me
177 1889 242 1933 fateor,
260 1891 327 1935 quoties
343 1891 409 1924 animos
421 1891 448 1925 rel
459 1894 504 1925 metu
516 1891 570 1925 diuini
581 1889 640 1924 iudicii
651 1892 787 1935 perterrefacere
797 1893 824 1928 vel
837 1903 882 1929 com-

134 1944 242 1978 monefacere
258 1944 291 1997 rel
299 1944 322 1978 ad
337 1945 483 1989 contemplandam
496 1945 527 1979 Dei
538 1945 631 1978 honitatem
643 1945 730 1980 attrahere
741 1947 769 1980 rel
780 1946 802 1981 ad
813 1950 882 1991 pietatis

135 2002 152 2033 et
167 1997 295 2033 misericordiae
311 1999 367 2033 oliicia
382 2001 470 2033 constituit
485 1998 583 2039 adhortari3
601 1998 664 2031 nullam
681 1999 753 2044 denique
768 2001 795 2036 vel
810 2004 827 2036 in
844 2005 882 2048 ipso

136 2051 229 2088 Aristotele
242 2054 259 2086 et
271 2050 345 2094 Galeno,
359 2055 511 2098 praestantissimis
528 2054 605 2098 alioquin
621 2052 724 2096 artificibus,
741 2058 795 2100 magis
809 2062 885 2092 exactam

135 2106 207 2142 doeendi
218 2105 313 2142 methodum
324 2109 415 2143 invenio.“

202 2171 221 2215 1)
232 2169 304 2206 Martini
311 2173 329 2206 in
336 2172 390 2216 praet.
399 2170 420 2205 N.
428 2171 449 2207 Τ,
459 2171 496 2217 Syr.
505 2171 573 2206 'i'rostz
586 2198 596 2214 „
601 2170 650 2205 Licet
657 2169 725 2215 phrasis
733 2170 753 2207 N.
763 2172 783 2207 T.
793 2176 883 2221 originali-

135 2226 162 2258 ter
174 2222 240 2261 Graeca
253 2226 287 2261 diei
297 2229 362 2271 pessit,
377 2231 479 2262 nontamen
490 2237 534 2271 pura
545 2226 591 2268 fluit,
608 2226 638 2261 sed
649 2226 716 2273 liquore
727 2227 802 2265 Hebraei
815 2235 832 2266 ct
844 2232 883 2278 Syri

135 2282 219 2315 sermonis
233 2284 317 2326 permixta
333 2286 363 2317 est,
392 2281 448 2321 Quare
466 2284 506 2317 licet
520 2284 575 2316 lector
588 2281 608 2317 N.
622 2282 642 2317 T.
654 2284 671 2316 in
686 2280 756 2318 Graecis
768 2276 829 2320 litteris
842 2287 882 2322 dex-

134 2335 243 2376 terrime‘sit
256 2337 353 2379 institutus,
373 2338 471 2383 linguarum
485 2341 542 2372 tamen
557 2336 652 2372 Hehraicae
668 2332 750 2383 et'Syrae
766 2340 847 2384 ignarus,
864 2344 882 2378 in

111 2389 114 2395 '
136 2388 202 2426 Graeca
218 2391 264 2426 illius
278 2390 351 2425 lectione
366 2392 484 2440 infelicissime
497 2392 617 2428 versabitur.“
645 2391 733 2427 Olearius:
751 2393 835 2435 „Certum
851 2402 882 2442 est,

133 2445 187 2481 Deum
202 2448 221 2481 in
235 2445 256 2482 Vt
268 2449 285 2480 et
296 2444 317 2479 N.
329 2446 350 2480 T.
361 2456 401 2481 rere
415 2448 530 2482 admirandam
542 2448 643 2492 minimeque
655 2447 742 2482 fortuitam
754 2448 834 2493 loquendi
846 2462 882 2489 oum

134 2500 230 2537 hominihus
246 2510 326 2538 seruasse
341 2503 480 2555 consonantiam,
499 2510 552 2547 qrrare
563 2510 618 2547 neque
630 2500 698 2536 lucilius
711 2512 765 2550 neque
777 2508 847 2552 gratius
860 2508 882 2544 ad

133 2557 189 2601 ipsum
204 2556 225 2592 N.
243 2556 264 2594 Τ.
283 2557 361 2592 nucleum
379 2558 489 2602 pervenitur,
507 2565 557 2601 quam
576 2566 597 2591 ea
612 2557 708 2593 resolvendi
724 2561 882 2609 interpretandique

134 2612 212 2698 ratilonc1
231 2620 275 2656 quae
293 2612 313 2647 V.
329 2612 349 2647 T.
370 2613 414 2658 stylo
435 2611 455 2646 N.
472 2611 492 2646 T.
507 2620 558 2646 voces
574 2619 595 2645 ac
609 2610 681 2656 phrases
697 2617 774 2659 metitur,
797 2618 882 2662 expendit,

134 2665 219 2700 erosit‘
517 2671 519 2675 ’

190 2728 319 2775 aptaretur,
335 2733 381 2766 ouius
393 2732 437 2767 liber
449 2732 521 2777 dignus,
534 2733 564 2778 qui
575 2741 586 2766 a
597 2733 678 2770 studiosis
688 2737 783 2772 litterarum
795 2747 882 2775 sacrarum

133 2784 210 2822 omnihus
223 2786 318 2830 lectitetur,
335 2786 417 2833 Syriacae
429 2789 499 2836 linguae
512 2789 595 2825 rationem
607 2790 636 2827 rix
647 2790 716 2827 multam
726 2791 783 2829 habet.
