1786 3062
746 107 787 147 247

0 251 5 273 ,ξ
36 208 103 259 tamen
116 212 182 253 babuit
199 224 239 252 oum
257 212 305 253 solis
318 214 422 255 duuumiris
434 215 484 267 iliis,
502 216 602 267 Bcugelio·
613 218 634 258 et
646 212 720 270 lllillio,
736 230 784 272 quos

35 283 70 320 sibi
92 280 177 320 laborem
198 280 219 317 et
241 280 347 321 molestiam
368 283 439 323 tantam
461 290 539 323 creasse
558 285 662 336 testatur,
678 287 700 325 ut
718 284 783 337 pluri·
813 309 814 312 =

35 350 70 387 bus
91 344 176 385 terendis
198 344 259 397 lurupar
281 346 345 387 fuerit.
377 348 418 389 Sed
437 337 660 391 wetsteno'naroren
678 350 718 393 non*
737 364 782 393 esse

33 414 92 461 iidem
106 411 224 452 tribuendam
245 414 358 464 comprobat
376 414 391 454 l.
412 414 438 454 D.
456 414 557 455 Michaelis
575 415 594 470 iu
615 414 672 456 Canis
691 411 715 458 ad
730 417 782 464 Aeta

1 521 2 524 ,
32 478 182 530 Apostolon·uun;
206 478 255 518 idern
273 481 292 519 in
309 480 376 520 illarco
394 481 492 520 trecentas
510 482 729 530 sexagintalectlones
742 486 780 524 ob-

32 556 123 586 servasse
143 557 165 584 se
182 545 240 597 dicit,
259 558 307 599 quas
327 546 361 586 vel
375 547 460 585 onuserit
476 546 599 587 Wetsteuins
613 547 647 586 vel
662 549 713 589 falso
729 549 780 595 alle-

0 621 1 625 *
31 612 116 663 gaverit.
144 611 192 667 Quid
213 625 262 663 ergo
284 613 409 652 eorrfecerunt
427 613 464 652 viri
481 612 520 665 illi,
539 614 572 666 qni
587 614 653 655 varias
667 627 733 656 onrrnes
747 616 779 656 le-

31 680 104 734 ctiones
127 678 234 736 collegisse
259 675 365 718 videntur?
387 678 469 717 Primum
492 678 566 719 lllillius
585 683 605 722 et
625 680 733 732 Bangelius
747 693 779 726 ,ex

21 736 120 784 ,versione
139 745 223 795 Syriaca
246 745 296 784 tales
314 745 457 797 proposuerunt
475 746 586 799 variantes,
608 758 659 801 quae
676 747 777 789 maximam

28 812 102 864 partem
121 812 188 851 textus
208 810 281 863 Graeci
296 812 396 850 variantes
414 823 506 864 nunquam
522 814 610 865 luerunt,
629 806 665 854 sed
681 815 776 854 acritiois
809 843 810 846 =

29 878 76 929 ipsis
95 877 170 917 eiiictae
186 879 241 929 sunt,
259 880 281 918 ut
296 875 342 917 Clu.
357 878 379 916 B.
394 877 495 917 Michaelis
507 878 614 919 luculenter
628 879 775 921 demonstravit.

3 944 5 946 ’
29 943 88 983 Cavit
107 942 229 983 Wetsteuius
247 944 294 994 sibi,
318 956 342 982 ne
361 945 379 982 iu
394 943 472 983 eosdem
487 954 564 982 errores
579 945 685 997 incideret,
704 941 740 983 sed
756 947 777 985 et

29 1011 71 1062 ipse
87 1009 145 1049 iruulta
162 1011 236 1062 omisit,
260 1010 298 1050 alia
313 1010 363 1051 ialso
382 1010 489 1061 allegavit,
508 1010 589 1065 denique
603 1023 653 1067 quae
671 1011 775 1063 versionis,

29 1088 77 1129 quae
96 1077 163 1117 textus
182 1076 282 1127 originalis
302 1078 381 1129 propria
398 1079 437 1116 sint
454 1076 528 1115 nninime
543 1080 592 1118 satis
605 1080 699 1118 distinxit.
726 1077 775 1116 Post

28 1143 137 1193 castigatos
153 1142 198 1182 illos
216 1156 227 1183 a
246 1142 307 1182 Badio
324 1142 460 1184 Gricsbachlus
480 1143 539 1184 rrnrrlto
553 1146 661 1185 accuratius
673 1143 774 1184 variantes

27 1209 74 1261 Syri
92 1210 186 1249 lectiones
200 1210 291 1260 notavit,
308 1210 343 1249 sed
358 1221 421 1262 neque
435 1210 515 1249 Bodium
526 1222 566 1249 rem
583 1210 694 1250 absolvisse
709 1220 773 1260 neque

28 1274 171 1315 Griesbaclrium
192 1276 252 1315 omnia
265 1277 319 1315 recte
333 1277 412 1315 notasse
425 1275 497 1315 iudicat
510 1276 613 1331 Winerus,
632 1277 665 1329 qul
680 1277 771 1328 „tantum

26 1342 83 1383 abest
97 1365 122 1371 -
138 1343 199 1394 inquit
210 1339 228 1395 Ι]
240 1364 265 1370 -
281 1343 302 1380 ut
323 1342 346 1382 ab
366 1353 389 1381 eo
405 1342 449 1383 iude
464 1344 563 1395 tempore,
583 1355 621 1395 quo
638 1342 717 1383 adrem
731 1343 772 1382 cri-

27 1409 82 1447 ticam
101 1402 228 1458 accessimus,
249 1408 273 1446 de
291 1409 330 1447 ista
341 1421 397 1460 qnam
413 1411 494 1459 crepant
507 1409 662 1458 religiosissima
669 1409 772 1462 diligentia
785 1419 792 1426 ’

26 1474 138 1525 persuaderi
156 1474 211 1513 uobis
230 1473 326 1525 potuerit,
353 1473 375 1510 ιιι
389 1473 485 1524 intrepide
501 1473 648 1525 contendamus,
670 1473 773 1514 versiones

26 1540 79 1579 certe
98 1539 123 1578 N.
138 1539 162 1579 Τ.
177 1540 281 1580 orientales
295 1539 319 1578 de
333 1540 412 1588 integro
427 1551 471 1578 esse
486 1532 528 1579 cum
544 1538 620 1579 Graeco
636 1539 690 1584 fonte
703 1539 773 1579 oonte-

25 1606 106 1658 rendas,
127 1608 237 1660 prinsquam
263 1618 311 1659 quas
334 1605 429 1645 lectiones
452 1605 502 1644 istae
524 1607 623 1646 sectentur
645 1605 774 1658 probabiliter

26 1673 90 1724 possis
104 1673 212 1713 iudieare.“
240 1674 345 1727 Quomque
359 1671 434 1711 tandem
446 1683 469 1711 ea
479 1673 546 1712 critica
557 1671 710 1722 desiderabitur,
724 1682 774 1722 qnae

26 1739 78 1778 levia
94 1740 178 1779 erebus
194 1740 318 1790 gravioribus
333 1739 450 1789 distinguat,
469 1749 532 1790 neque
548 1739 586 1778 tam
600 1738 668 1795 iniuriae
686 1734 774 1786 diligen-

26 1806 64 1845 tiae
80 1806 146 1858 specie
162 1807 273 1859 superbiat,
296 1818 352 1859 qnam
372 1808 427 1847 recta
447 1817 473 1845 ex
486 1806 560 1846 ratione
575 1804 658 1856 iudicet,
677 1802 773 1843 indubiis

24 1871 133 1923 haesitans,
156 1873 174 1911 in
192 1871 259 1913 alienis
277 1874 371 1913 inscitiam
386 1873 444 1911 lateri
457 1883 494 1910 nou
507 1871 634 1920 erubescens,
655 1870 674 1909 in
688 1860 773 1909 dumibus

25 1948 86 1990 aeque
100 1939 121 1979 et
134 1941 190 1980 caute
204 1936 337 1992 perpendens!

333 2088 461 2095 Η

353 2227 409 2268 Gna.
425 2224 449 2266 ll

291 2323 324 2372 lle
341 2335 387 2364 usu
408 2322 507 2363 critico.

92 2420 185 2464 Collectis
204 2421 332 2463 varietatibus
346 2419 444 2472 onmibus,
462 2431 512 2472 quae
526 2419 576 2458 iuter
590 2418 665 2458 tentum
680 2416 775 2458 Graecum

26 2489 172 2543 versionemque
192 2490 292 2542 Syriacam
312 2489 452 2540 observantur,
472 2488 508 2527 vix
523 2485 600 2525 multum
615 2484 736 2525 emolumenti
750 2484 776 2524 ad

25 2589 27 2598 ι

30 2607 158 2618 5———

90 2694 110 2739 Υ1)
121 2694 189 2738 Winer,
200 2695 300 2731 veluservatt.
311 2696 329 2729 iu
342 2705 368 2740 epu.
380 2693 413 2729 lac.
426 2704 446 2729 ex
458 2703 503 2729 vers.
514 2691 553 2738 Spu.
565 2693 653 2728 mavimam
665 2691 729 2734 partem
741 2685 774 2719 cri-

26 2746 74 2781 ticae.
97 2749 167 2795 Errang.
181 2755 229 2788 1827.
253 2750 393 2794 Progr.l³enlco
441 2797 443 2800 r
