<?xml version="1.0" encoding="UTF-8"?>
<!DOCTYPE html PUBLIC "-//W3C//DTD XHTML 1.0 Transitional//EN"
    "http://www.w3.org/TR/xhtml1/DTD/xhtml1-transitional.dtd">
<html xmlns="http://www.w3.org/1999/xhtml" xml:lang="en" lang="en">
 <head>
  <title>
</title>
<meta http-equiv="Content-Type" content="text/html;charset=utf-8" />
  <meta name='ocr-system' content='tesseract 3.04.00' />
  <meta name='ocr-capabilities' content='ocr_page ocr_carea ocr_par ocr_line ocrx_word'/>
</head>
<body>
  <div class='ocr_page' id='page_1' title='image "MN41905ucmf_0_0096.png"; bbox 0 0 1786 3062; ppageno 0'>
   <div class='ocr_carea' id='block_1_1' title="bbox 86 167 165 208">
    <p class='ocr_par' dir='ltr' id='par_1_1' title="bbox 86 167 165 208">
     <span class='ocr_line' id='line_1_1' title="bbox 86 167 165 208; baseline -0.013 0"><span class='ocrx_word' id='word_1_1' title='bbox 86 167 165 208; x_wconf 66' lang='lat' dir='ltr'><strong>aa</strong></span> 
     </span>
    </p>
   </div>
   <div class='ocr_carea' id='block_1_2' title="bbox 33 276 887 1652">
    <p class='ocr_par' dir='ltr' id='par_1_2' title="bbox 87 276 887 989">
     <span class='ocr_line' id='line_1_2' title="bbox 88 276 845 330; baseline -0.003 -12"><span class='ocrx_word' id='word_1_2' title='bbox 88 280 163 319; x_wconf 94' lang='lat' dir='ltr'><strong>riorum</strong></span> <span class='ocrx_word' id='word_1_3' title='bbox 171 280 263 329; x_wconf 85' lang='lat' dir='ltr'><strong>Syrorum</strong></span> <span class='ocrx_word' id='word_1_4' title='bbox 279 288 324 315; x_wconf 88' lang='lat' dir='ltr'><strong>esse</strong></span> <span class='ocrx_word' id='word_1_5' title='bbox 339 278 462 321; x_wconf 78' lang='grc'><strong>666666666166666</strong></span> <span class='ocrx_word' id='word_1_6' title='bbox 476 279 552 316; x_wconf 87' lang='lat' dir='ltr'><strong>videtur</strong></span> <span class='ocrx_word' id='word_1_7' title='bbox 563 276 592 330; x_wconf 76' lang='lat'><strong>¹;}</strong></span> <span class='ocrx_word' id='word_1_8' title='bbox 610 277 659 315; x_wconf 86' lang='lat' dir='ltr'><strong>idem</strong></span> <span class='ocrx_word' id='word_1_9' title='bbox 674 278 721 316; x_wconf 90' lang='lat' dir='ltr'><strong>enim</strong></span> <span class='ocrx_word' id='word_1_10' title='bbox 736 278 792 317; x_wconf 88' lang='lat' dir='ltr'><strong>Bar·</strong></span> <span class='ocrx_word' id='word_1_11' title='bbox 798 277 845 316; x_wconf 88' lang='lat' dir='ltr'><strong>lle-</strong></span> 
     </span>
     <span class='ocr_line' id='line_1_3' title="bbox 88 341 842 399; baseline -0.005 -14"><span class='ocrx_word' id='word_1_12' title='bbox 88 346 159 386; x_wconf 87' lang='lat' dir='ltr'><strong>braeus</strong></span> <span class='ocrx_word' id='word_1_13' title='bbox 178 345 201 383; x_wconf 91' lang='lat' dir='ltr'><strong>ad</strong></span> <span class='ocrx_word' id='word_1_14' title='bbox 216 342 288 382; x_wconf 75' lang='lat' dir='ltr'><strong>asam.</strong></span> <span class='ocrx_word' id='word_1_15' title='bbox 307 341 333 381; x_wconf 91' lang='lat' dir='ltr'><strong>X.</strong></span> <span class='ocrx_word' id='word_1_16' title='bbox 349 341 386 388; x_wconf 84' lang='lat' dir='ltr'><strong>hoe</strong></span> <span class='ocrx_word' id='word_1_17' title='bbox 404 341 460 380; x_wconf 86' lang='lat' dir='ltr'><strong>alieri</strong></span> <span class='ocrx_word' id='word_1_18' title='bbox 474 342 544 395; x_wconf 86' lang='lat' dir='ltr'><strong>dictum</strong></span> <span class='ocrx_word' id='word_1_19' title='bbox 560 343 627 383; x_wconf 89' lang='lat' dir='ltr'><strong>iacobi</strong></span> <span class='ocrx_word' id='word_1_20' title='bbox 641 341 842 399; x_wconf 48' lang='grc'><strong>11666661166661.</strong></span> 
     </span>
     <span class='ocr_line' id='line_1_4' title="bbox 88 393 841 463; baseline -0.001 -13"><span class='ocrx_word' id='word_1_21' title='bbox 88 413 149 463; x_wconf 90' lang='lat' dir='ltr'><strong>ptoris</strong></span> <span class='ocrx_word' id='word_1_22' title='bbox 164 410 257 460; x_wconf 79' lang='lat' dir='ltr'>Syrorum</span> <span class='ocrx_word' id='word_1_23' title='bbox 273 407 393 447; x_wconf 71' lang='lat' dir='ltr'><strong>celeberrimi</strong></span> <span class='ocrx_word' id='word_1_24' title='bbox 407 417 459 447; x_wconf 89' lang='grc'><strong>6666.</strong></span> <span class='ocrx_word' id='word_1_25' title='bbox 474 393 532 447; x_wconf 89' lang='lat' dir='ltr'><strong>Vlll:</strong></span> <span class='ocrx_word' id='word_1_26' title='bbox 552 409 653 460; x_wconf 88' lang='lat' dir='ltr'><strong>„lacobus</strong></span> <span class='ocrx_word' id='word_1_27' title='bbox 665 409 776 451; x_wconf 84' lang='grc'><strong>1116666666</strong></span> <span class='ocrx_word' id='word_1_28' title='bbox 788 409 841 460; x_wconf 91' lang='lat' dir='ltr'><strong>dicit,</strong></span> 
     </span>
     <span class='ocr_line' id='line_1_5' title="bbox 87 473 887 528; baseline -0.001 -13"><span class='ocrx_word' id='word_1_29' title='bbox 87 477 205 528; x_wconf 81' lang='lat' dir='ltr'><strong>interpretes</strong></span> <span class='ocrx_word' id='word_1_30' title='bbox 227 475 283 525; x_wconf 88' lang='lat' dir='ltr'><strong>illos,</strong></span> <span class='ocrx_word' id='word_1_31' title='bbox 310 475 342 527; x_wconf 88' lang='lat' dir='ltr'><strong>qui</strong></span> <span class='ocrx_word' id='word_1_32' title='bbox 361 475 413 513; x_wconf 88' lang='lat' dir='ltr'><strong>missi</strong></span> <span class='ocrx_word' id='word_1_33' title='bbox 430 473 468 512; x_wconf 86' lang='lat' dir='ltr'><strong>sint</strong></span> <span class='ocrx_word' id='word_1_34' title='bbox 488 473 511 512; x_wconf 89' lang='lat' dir='ltr'><strong>ab</strong></span> <span class='ocrx_word' id='word_1_35' title='bbox 527 473 595 514; x_wconf 86' lang='lat' dir='ltr'><strong>Adaeo</strong></span> <span class='ocrx_word' id='word_1_36' title='bbox 611 475 708 527; x_wconf 89' lang='lat' dir='ltr'><strong>Apostolo</strong></span> <span class='ocrx_word' id='word_1_37' title='bbox 725 478 745 514; x_wconf 89' lang='lat' dir='ltr'><strong>ct</strong></span> <span class='ocrx_word' id='word_1_38' title='bbox 758 476 841 524; x_wconf 73' lang='lat' dir='ltr'><strong>Abgaro</strong></span> <span class='ocrx_word' id='word_1_39' title='bbox 885 484 887 487; x_wconf 83' lang='lat'>·</span> 
     </span>
     <span class='ocr_line' id='line_1_6' title="bbox 88 539 841 593; baseline 0 -11"><span class='ocrx_word' id='word_1_40' title='bbox 88 555 138 593; x_wconf 77' lang='lat' dir='ltr'><strong>rege</strong></span> <span class='ocrx_word' id='word_1_41' title='bbox 156 541 299 581; x_wconf 78' lang='lat' dir='ltr'><strong>Edesseuerum</strong></span> <span class='ocrx_word' id='word_1_42' title='bbox 319 541 338 579; x_wconf 94' lang='lat' dir='ltr'><strong>in</strong></span> <span class='ocrx_word' id='word_1_43' title='bbox 357 539 486 579; x_wconf 77' lang='lat' dir='ltr'><strong>Palaestinam</strong></span> <span class='ocrx_word' id='word_1_44' title='bbox 501 541 571 591; x_wconf 86' lang='lat' dir='ltr'><strong>quique</strong></span> <span class='ocrx_word' id='word_1_45' title='bbox 588 542 683 581; x_wconf 87' lang='lat' dir='ltr'><strong>verterint</strong></span> <span class='ocrx_word' id='word_1_46' title='bbox 699 541 759 586; x_wconf 85' lang='lat' dir='ltr'><strong>libros</strong></span> <span class='ocrx_word' id='word_1_47' title='bbox 774 554 841 582; x_wconf 89' lang='lat' dir='ltr'><strong>sacros</strong></span> 
     </span>
     <span class='ocr_line' id='line_1_7' title="bbox 89 594 840 661; baseline -0.001 -14"><span class='ocrx_word' id='word_1_48' title='bbox 89 635 180 648; x_wconf 88' lang='grc'>.....</span> <span class='ocrx_word' id='word_1_49' title='bbox 186 608 199 631; x_wconf 81' lang='grc'>“</span> <span class='ocrx_word' id='word_1_50' title='bbox 226 608 286 661; x_wconf 73' lang='lat' dir='ltr'><strong>Quem</strong></span> <span class='ocrx_word' id='word_1_51' title='bbox 306 606 393 647; x_wconf 87' lang='lat' dir='ltr'><strong>Adaeum</strong></span> <span class='ocrx_word' id='word_1_52' title='bbox 411 594 456 644; x_wconf 87' lang='grc'><strong>11611</strong></span> <span class='ocrx_word' id='word_1_53' title='bbox 474 604 567 656; x_wconf 86' lang='lat' dir='ltr'><strong>lacobus,</strong></span> <span class='ocrx_word' id='word_1_54' title='bbox 590 605 689 647; x_wconf 87' lang='grc'><strong>11666161</strong></span> <span class='ocrx_word' id='word_1_55' title='bbox 709 608 840 648; x_wconf 85' lang='grc' dir='ltr'><strong>Τ1661166666.</strong></span> 
     </span>
     <span class='ocr_line' id='line_1_8' title="bbox 88 670 841 724; baseline -0.004 -9"><span class='ocrx_word' id='word_1_56' title='bbox 88 676 173 715; x_wconf 76' lang='lat' dir='ltr'><strong>Narrant</strong></span> <span class='ocrx_word' id='word_1_57' title='bbox 189 676 249 723; x_wconf 74' lang='lat' dir='ltr'><strong>igitur</strong></span> <span class='ocrx_word' id='word_1_58' title='bbox 267 673 314 723; x_wconf 84' lang='lat' dir='ltr'><strong>Syri</strong></span> <span class='ocrx_word' id='word_1_59' title='bbox 333 673 357 711; x_wconf 89' lang='lat' dir='ltr'><strong>de</strong></span> <span class='ocrx_word' id='word_1_60' title='bbox 374 671 458 720; x_wconf 78' lang='lat' dir='ltr'><strong>Abgaro</strong></span> <span class='ocrx_word' id='word_1_61' title='bbox 475 670 536 708; x_wconf 89' lang='lat' dir='ltr'><strong>simile</strong></span> <span class='ocrx_word' id='word_1_62' title='bbox 556 670 724 724; x_wconf 83' lang='lat' dir='ltr'><strong>quoddamalque</strong></span> <span class='ocrx_word' id='word_1_63' title='bbox 737 673 803 714; x_wconf 86' lang='lat' dir='ltr'><strong>Iudaei</strong></span> <span class='ocrx_word' id='word_1_64' title='bbox 817 675 841 713; x_wconf 94' lang='lat' dir='ltr'><strong>de</strong></span> 
     </span>
     <span class='ocr_line' id='line_1_9' title="bbox 88 735 841 793; baseline -0.003 -12"><span class='ocrx_word' id='word_1_65' title='bbox 88 741 200 781; x_wconf 81' lang='lat' dir='ltr'><strong>Ptolemaeo</strong></span> <span class='ocrx_word' id='word_1_66' title='bbox 219 737 357 793; x_wconf 81' lang='lat' dir='ltr'><strong>Philadelpho:</strong></span> <span class='ocrx_word' id='word_1_67' title='bbox 382 737 457 775; x_wconf 86' lang='lat' dir='ltr'><strong>misisse</strong></span> <span class='ocrx_word' id='word_1_68' title='bbox 474 748 518 793; x_wconf 78' lang='grc'><strong>66666</strong></span> <span class='ocrx_word' id='word_1_69' title='bbox 537 735 675 789; x_wconf 84' lang='lat' dir='ltr'><strong>Hierosolyma</strong></span> <span class='ocrx_word' id='word_1_70' title='bbox 688 738 720 790; x_wconf 90' lang='lat' dir='ltr'><strong>qui</strong></span> <span class='ocrx_word' id='word_1_71' title='bbox 733 743 802 778; x_wconf 87' lang='grc'><strong>’666666</strong></span> <span class='ocrx_word' id='word_1_72' title='bbox 815 740 841 779; x_wconf 88' lang='grc'><strong>11-</strong></span> 
     </span>
     <span class='ocr_line' id='line_1_10' title="bbox 87 802 839 856; baseline -0.003 -11"><span class='ocrx_word' id='word_1_73' title='bbox 87 808 134 846; x_wconf 89' lang='lat' dir='ltr'><strong>bros</strong></span> <span class='ocrx_word' id='word_1_74' title='bbox 148 806 265 855; x_wconf 73' lang='lat' dir='ltr'><strong>intinguant</strong></span> <span class='ocrx_word' id='word_1_75' title='bbox 280 805 380 856; x_wconf 87' lang='lat' dir='ltr'><strong>Syriacam</strong></span> <span class='ocrx_word' id='word_1_76' title='bbox 394 804 501 842; x_wconf 87' lang='lat' dir='ltr'><strong>verterent.</strong></span> <span class='ocrx_word' id='word_1_77' title='bbox 528 802 610 842; x_wconf 88' lang='lat' dir='ltr'><strong>lacobus</strong></span> <span class='ocrx_word' id='word_1_78' title='bbox 625 803 719 843; x_wconf 90' lang='grc'><strong>16661666</strong></span> <span class='ocrx_word' id='word_1_79' title='bbox 735 805 758 844; x_wconf 89' lang='grc'><strong>16</strong></span> <span class='ocrx_word' id='word_1_80' title='bbox 775 806 797 844; x_wconf 87' lang='lat' dir='ltr'><strong>V.</strong></span> <span class='ocrx_word' id='word_1_81' title='bbox 814 806 839 845; x_wconf 84' lang='lat' dir='ltr'><strong>T.</strong></span> 
     </span>
     <span class='ocr_line' id='line_1_11' title="bbox 87 868 842 923; baseline -0.001 -12"><span class='ocrx_word' id='word_1_82' title='bbox 87 873 141 912; x_wconf 89' lang='lat' dir='ltr'><strong>libris</strong></span> <span class='ocrx_word' id='word_1_83' title='bbox 151 873 205 922; x_wconf 80' lang='lat' dir='ltr'><strong>agit;</strong></span> <span class='ocrx_word' id='word_1_84' title='bbox 219 871 263 923; x_wconf 86' lang='lat' dir='ltr'><strong>quid</strong></span> <span class='ocrx_word' id='word_1_85' title='bbox 274 871 297 909; x_wconf 87' lang='lat' dir='ltr'><strong>de</strong></span> <span class='ocrx_word' id='word_1_86' title='bbox 310 871 400 909; x_wconf 85' lang='lat' dir='ltr'><strong>versione</strong></span> <span class='ocrx_word' id='word_1_87' title='bbox 410 869 435 907; x_wconf 87' lang='lat' dir='ltr'><strong>N.</strong></span> <span class='ocrx_word' id='word_1_88' title='bbox 445 868 470 907; x_wconf 86' lang='lat' dir='ltr'><strong>T.</strong></span> <span class='ocrx_word' id='word_1_89' title='bbox 479 870 569 919; x_wconf 84' lang='lat' dir='ltr'><strong>senserit,</strong></span> <span class='ocrx_word' id='word_1_90' title='bbox 579 870 677 908; x_wconf 91' lang='lat' dir='ltr'><strong>incertum.</strong></span> <span class='ocrx_word' id='word_1_91' title='bbox 693 869 842 921; x_wconf 65' lang='grc'><strong>116666661166666</strong></span> 
     </span>
     <span class='ocr_line' id='line_1_12' title="bbox 87 929 840 989; baseline -0.003 -10"><span class='ocrx_word' id='word_1_92' title='bbox 87 939 137 979; x_wconf 88' lang='lat' dir='ltr'><strong>libro</strong></span> <span class='ocrx_word' id='word_1_93' title='bbox 147 939 255 988; x_wconf 73' lang='lat' dir='ltr'><strong>Edessena,</strong></span> <span class='ocrx_word' id='word_1_94' title='bbox 266 936 315 989; x_wconf 92' lang='lat' dir='ltr'><strong>quod</strong></span> <span class='ocrx_word' id='word_1_95' title='bbox 326 929 418 977; x_wconf 67' lang='lat' dir='ltr'><strong>exstabat</strong></span> <span class='ocrx_word' id='word_1_96' title='bbox 426 936 444 975; x_wconf 92' lang='lat' dir='ltr'><strong>in</strong></span> <span class='ocrx_word' id='word_1_97' title='bbox 453 929 758 977; x_wconf 72' lang='grc'><strong>6661661616116661166666666</strong></span> <span class='ocrx_word' id='word_1_98' title='bbox 767 940 840 983; x_wconf 85' lang='grc'><strong>1666166</strong></span> 
     </span>
    </p>

    <p class='ocr_par' dir='ltr' id='par_1_3' title="bbox 33 1002 842 1652">
     <span class='ocr_line' id='line_1_13' title="bbox 89 1002 840 1056; baseline -0.001 -11"><span class='ocrx_word' id='word_1_99' title='bbox 89 1006 196 1056; x_wconf 74' lang='lat' dir='ltr'><strong>Bagdado,</strong></span> <span class='ocrx_word' id='word_1_100' title='bbox 210 1003 298 1047; x_wconf 82' lang='lat' dir='ltr'><strong>suiurexa</strong></span> <span class='ocrx_word' id='word_1_101' title='bbox 310 1003 414 1053; x_wconf 79' lang='lat' dir='ltr'><strong>legebatur</strong></span> <span class='ocrx_word' id='word_1_102' title='bbox 423 1002 471 1042; x_wconf 91' lang='lat' dir='ltr'><strong>haec</strong></span> <span class='ocrx_word' id='word_1_103' title='bbox 481 1002 597 1055; x_wconf 75' lang='lat' dir='ltr'><strong>epigraphe:</strong></span> <span class='ocrx_word' id='word_1_104' title='bbox 612 1003 741 1054; x_wconf 75' lang='lat' dir='ltr'><strong>„Absolutus</strong></span> <span class='ocrx_word' id='word_1_105' title='bbox 753 1006 784 1044; x_wconf 86' lang='lat' dir='ltr'><strong>est</strong></span> <span class='ocrx_word' id='word_1_106' title='bbox 793 1018 840 1044; x_wconf 90' lang='lat' dir='ltr'><strong>san-</strong></span> 
     </span>
     <span class='ocr_line' id='line_1_14' title="bbox 54 1056 841 1121; baseline -0.004 -9"><span class='ocrx_word' id='word_1_107' title='bbox 54 1056 56 1061; x_wconf 87' lang='lat'><em>.</em></span> <span class='ocrx_word' id='word_1_108' title='bbox 90 1075 133 1112; x_wconf 86' lang='grc'><strong>6166</strong></span> <span class='ocrx_word' id='word_1_109' title='bbox 143 1073 181 1111; x_wconf 86' lang='grc'><strong>1616</strong></span> <span class='ocrx_word' id='word_1_110' title='bbox 190 1071 298 1109; x_wconf 84' lang='grc'><strong>1116666666</strong></span> <span class='ocrx_word' id='word_1_111' title='bbox 309 1068 426 1110; x_wconf 81' lang='lat' dir='ltr'><strong>Graecorum</strong></span> <span class='ocrx_word' id='word_1_112' title='bbox 435 1067 482 1119; x_wconf 82' lang='lat'><strong>389,</strong></span> <span class='ocrx_word' id='word_1_113' title='bbox 497 1067 551 1118; x_wconf 81' lang='lat' dir='ltr'><strong>(Chr.</strong></span> <span class='ocrx_word' id='word_1_114' title='bbox 560 1067 604 1120; x_wconf 83' lang='lat'>78.)</span> <span class='ocrx_word' id='word_1_115' title='bbox 614 1069 691 1121; x_wconf 89' lang='lat' dir='ltr'><strong>propria</strong></span> <span class='ocrx_word' id='word_1_116' title='bbox 701 1081 755 1109; x_wconf 87' lang='grc'><strong>666666</strong></span> <span class='ocrx_word' id='word_1_117' title='bbox 767 1069 841 1110; x_wconf 87' lang='lat' dir='ltr'><strong>Achaei</strong></span> 
     </span>
     <span class='ocr_line' id='line_1_15' title="bbox 33 1127 841 1189; baseline -0.002 -12"><span class='ocrx_word' id='word_1_118' title='bbox 33 1127 35 1142; x_wconf 67' lang='lat'>¹</span> <span class='ocrx_word' id='word_1_119' title='bbox 91 1138 194 1189; x_wconf 80' lang='lat' dir='ltr'><strong>Apostoli,</strong></span> <span class='ocrx_word' id='word_1_120' title='bbox 209 1136 256 1174; x_wconf 91' lang='grc'><strong>66611</strong></span> <span class='ocrx_word' id='word_1_121' title='bbox 266 1134 309 1173; x_wconf 86' lang='lat' dir='ltr'><strong>hlar</strong></span> <span class='ocrx_word' id='word_1_122' title='bbox 317 1135 385 1189; x_wconf 86' lang='lat' dir='ltr'><strong>lilaris,</strong></span> <span class='ocrx_word' id='word_1_123' title='bbox 400 1134 487 1186; x_wconf 88' lang='lat' dir='ltr'><strong>discipuli</strong></span> <span class='ocrx_word' id='word_1_124' title='bbox 497 1134 541 1173; x_wconf 89' lang='lat' dir='ltr'><strong>lilar</strong></span> <span class='ocrx_word' id='word_1_125' title='bbox 549 1133 613 1174; x_wconf 86' lang='lat' dir='ltr'><strong>Adaei</strong></span> <span class='ocrx_word' id='word_1_126' title='bbox 621 1134 714 1186; x_wconf 77' lang='lat' dir='ltr'><strong>Apostoli</strong></span> <span class='ocrx_word' id='word_1_127' title='bbox 722 1132 765 1188; x_wconf 83' lang='lat'>³].“</span> <span class='ocrx_word' id='word_1_128' title='bbox 792 1136 841 1175; x_wconf 89' lang='lat' dir='ltr'><strong>Plu-</strong></span> 
     </span>
     <span class='ocr_line' id='line_1_16' title="bbox 89 1200 842 1252; baseline 0.001 -10"><span class='ocrx_word' id='word_1_129' title='bbox 89 1205 177 1246; x_wconf 79' lang='lat' dir='ltr'><strong>rimorum</strong></span> <span class='ocrx_word' id='word_1_130' title='bbox 191 1203 241 1240; x_wconf 87' lang='grc'><strong>16166·</strong></span> <span class='ocrx_word' id='word_1_131' title='bbox 251 1201 315 1252; x_wconf 87' lang='lat' dir='ltr'><strong>Syros</strong></span> <span class='ocrx_word' id='word_1_132' title='bbox 327 1200 376 1241; x_wconf 90' lang='grc'><strong>16666</strong></span> <span class='ocrx_word' id='word_1_133' title='bbox 384 1202 443 1240; x_wconf 85' lang='grc'><strong>161666</strong></span> <span class='ocrx_word' id='word_1_134' title='bbox 453 1201 516 1252; x_wconf 89' lang='grc'><strong>661616</strong></span> <span class='ocrx_word' id='word_1_135' title='bbox 527 1200 615 1252; x_wconf 73' lang='lat' dir='ltr'><strong>vitietur,</strong></span> <span class='ocrx_word' id='word_1_136' title='bbox 629 1201 740 1252; x_wconf 73' lang='lat' dir='ltr'><strong>Evangelia</strong></span> <span class='ocrx_word' id='word_1_137' title='bbox 748 1202 842 1243; x_wconf 83' lang='lat' dir='ltr'><strong>translata</strong></span> 
     </span>
     <span class='ocr_line' id='line_1_17' title="bbox 90 1265 842 1319; baseline -0.003 -10"><span class='ocrx_word' id='word_1_138' title='bbox 90 1282 134 1309; x_wconf 87' lang='lat' dir='ltr'><strong>esse</strong></span> <span class='ocrx_word' id='word_1_139' title='bbox 146 1270 164 1307; x_wconf 93' lang='lat' dir='ltr'><strong>in</strong></span> <span class='ocrx_word' id='word_1_140' title='bbox 172 1267 289 1317; x_wconf 71' lang='lat' dir='ltr'><strong>lingnaany</strong></span> <span class='ocrx_word' id='word_1_141' title='bbox 287 1269 364 1306; x_wconf 89' lang='lat' dir='ltr'><strong>riaeam</strong></span> <span class='ocrx_word' id='word_1_142' title='bbox 374 1268 411 1305; x_wconf 89' lang='grc'><strong>616</strong></span> <span class='ocrx_word' id='word_1_143' title='bbox 406 1278 448 1319; x_wconf 89' lang='grc'><strong>6666</strong></span> <span class='ocrx_word' id='word_1_144' title='bbox 454 1266 487 1304; x_wconf 88' lang='grc'><strong>6116</strong></span> <span class='ocrx_word' id='word_1_145' title='bbox 492 1265 573 1305; x_wconf 82' lang='lat' dir='ltr'><strong>Achaeo</strong></span> <span class='ocrx_word' id='word_1_146' title='bbox 584 1280 641 1318; x_wconf 87' lang='lat' dir='ltr'><strong>supra</strong></span> <span class='ocrx_word' id='word_1_147' title='bbox 651 1267 708 1313; x_wconf 92' lang='grc'><strong>16616</strong></span> <span class='ocrx_word' id='word_1_148' title='bbox 698 1268 737 1319; x_wconf 83' lang='grc'><strong>616,</strong></span> <span class='ocrx_word' id='word_1_149' title='bbox 748 1267 842 1319; x_wconf 88' lang='lat' dir='ltr'><strong>discipulo</strong></span> 
     </span>
     <span class='ocr_line' id='line_1_18' title="bbox 89 1328 842 1385; baseline 0 -12"><span class='ocrx_word' id='word_1_150' title='bbox 89 1334 201 1384; x_wconf 85' lang='lat' dir='ltr'><strong>Thaddaei,</strong></span> <span class='ocrx_word' id='word_1_151' title='bbox 225 1331 315 1371; x_wconf 84' lang='grc'><strong>11166666</strong></span> <span class='ocrx_word' id='word_1_152' title='bbox 331 1334 392 1384; x_wconf 91' lang='lat' dir='ltr'><strong>primo</strong></span> <span class='ocrx_word' id='word_1_153' title='bbox 406 1333 498 1383; x_wconf 85' lang='lat' dir='ltr'><strong>episeopo</strong></span> <span class='ocrx_word' id='word_1_154' title='bbox 514 1334 534 1371; x_wconf 88' lang='grc'><strong>61</strong></span> <span class='ocrx_word' id='word_1_155' title='bbox 549 1335 597 1371; x_wconf 85' lang='lat' dir='ltr'><strong>mm</strong></span> <span class='ocrx_word' id='word_1_156' title='bbox 599 1344 642 1383; x_wconf 88' lang='lat' dir='ltr'><strong>yre</strong></span> <span class='ocrx_word' id='word_1_157' title='bbox 669 1333 736 1385; x_wconf 89' lang='lat' dir='ltr'><strong>Aque</strong></span> <span class='ocrx_word' id='word_1_158' title='bbox 749 1346 766 1372; x_wconf 88' lang='lat' dir='ltr'><strong>sr</strong></span> <span class='ocrx_word' id='word_1_159' title='bbox 778 1328 828 1374; x_wconf 87' lang='grc'><strong>1666</strong></span> <span class='ocrx_word' id='word_1_160' title='bbox 817 1347 842 1374; x_wconf 92' lang='lat' dir='ltr'><strong>o-</strong></span> 
     </span>
     <span class='ocr_line' id='line_1_19' title="bbox 89 1397 841 1451; baseline 0 -11"><span class='ocrx_word' id='word_1_161' title='bbox 89 1402 129 1441; x_wconf 86' lang='lat' dir='ltr'><strong>riae</strong></span> <span class='ocrx_word' id='word_1_162' title='bbox 148 1400 197 1440; x_wconf 87' lang='grc'><strong>16166</strong></span> <span class='ocrx_word' id='word_1_163' title='bbox 215 1400 283 1451; x_wconf 90' lang='lat' dir='ltr'><strong>praes</strong></span> <span class='ocrx_word' id='word_1_164' title='bbox 285 1411 312 1437; x_wconf 87' lang='grc'><strong>666</strong></span> <span class='ocrx_word' id='word_1_165' title='bbox 333 1399 413 1450; x_wconf 84' lang='grc'><strong>666661,</strong></span> <span class='ocrx_word' id='word_1_166' title='bbox 436 1397 573 1449; x_wconf 80' lang='lat' dir='ltr'><strong>Phaddaeum,</strong></span> <span class='ocrx_word' id='word_1_167' title='bbox 596 1410 652 1438; x_wconf 87' lang='grc'><strong>6666666</strong></span> <span class='ocrx_word' id='word_1_168' title='bbox 669 1412 695 1438; x_wconf 83' lang='lat' dir='ltr'><strong>ex</strong></span> <span class='ocrx_word' id='word_1_169' title='bbox 710 1400 766 1439; x_wconf 84' lang='lat' dir='ltr'><strong>LXX</strong></span> <span class='ocrx_word' id='word_1_170' title='bbox 781 1401 841 1441; x_wconf 88' lang='lat' dir='ltr'><strong>disci-</strong></span> 
     </span>
     <span class='ocr_line' id='line_1_20' title="bbox 89 1464 841 1519; baseline 0 -13"><span class='ocrx_word' id='word_1_171' title='bbox 89 1468 151 1519; x_wconf 82' lang='grc'><strong>66116,</strong></span> <span class='ocrx_word' id='word_1_172' title='bbox 168 1465 298 1515; x_wconf 74' lang='lat' dir='ltr'><strong>Evangeiium</strong></span> <span class='ocrx_word' id='word_1_173' title='bbox 315 1465 438 1517; x_wconf 74' lang='lat' dir='ltr'><strong>praedicasse</strong></span> <span class='ocrx_word' id='word_1_174' title='bbox 454 1464 552 1515; x_wconf 80' lang='lat' dir='ltr'><strong>Edessae,</strong></span> <span class='ocrx_word' id='word_1_175' title='bbox 566 1464 647 1517; x_wconf 88' lang='lat' dir='ltr'><strong>eiusque</strong></span> <span class='ocrx_word' id='word_1_176' title='bbox 661 1466 766 1518; x_wconf 89' lang='lat' dir='ltr'><strong>discipulos</strong></span> <span class='ocrx_word' id='word_1_177' title='bbox 780 1468 841 1507; x_wconf 85' lang='lat' dir='ltr'><strong>fuisse</strong></span> 
     </span>
     <span class='ocr_line' id='line_1_21' title="bbox 88 1527 840 1591; baseline 0 -19"><span class='ocrx_word' id='word_1_178' title='bbox 88 1532 192 1588; x_wconf 72' lang='lat' dir='ltr'><strong>Aginaeum</strong></span> <span class='ocrx_word' id='word_1_179' title='bbox 213 1532 300 1571; x_wconf 83' lang='lat' dir='ltr'><strong>lldcssae</strong></span> <span class='ocrx_word' id='word_1_180' title='bbox 320 1534 340 1571; x_wconf 87' lang='grc'><strong>61</strong></span> <span class='ocrx_word' id='word_1_181' title='bbox 354 1532 421 1571; x_wconf 85' lang='grc'><strong>11166166</strong></span> <span class='ocrx_word' id='word_1_182' title='bbox 436 1530 538 1570; x_wconf 79' lang='lat' dir='ltr'><strong>Seleuciae</strong></span> <span class='ocrx_word' id='word_1_183' title='bbox 552 1531 664 1581; x_wconf 88' lang='lat' dir='ltr'><strong>episcopum</strong></span> <span class='ocrx_word' id='word_1_184' title='bbox 674 1527 694 1583; x_wconf 77' lang='lat'><strong>⁴]</strong></span> <span class='ocrx_word' id='word_1_185' title='bbox 711 1554 737 1560; x_wconf 81' lang='lat'><strong>—-</strong></span> <span class='ocrx_word' id='word_1_186' title='bbox 753 1535 840 1591; x_wconf 83' lang='lat' dir='ltr'><strong>equidem</strong></span> 
     </span>
     <span class='ocr_line' id='line_1_22' title="bbox 46 1595 840 1652; baseline 0 -13"><span class='ocrx_word' id='word_1_187' title='bbox 46 1636 48 1639; x_wconf 86' lang='lat'>.</span> <span class='ocrx_word' id='word_1_188' title='bbox 89 1602 133 1639; x_wconf 90' lang='lat' dir='ltr'><strong>veri</strong></span> <span class='ocrx_word' id='word_1_189' title='bbox 151 1600 201 1639; x_wconf 89' lang='lat' dir='ltr'><strong>hand</strong></span> <span class='ocrx_word' id='word_1_190' title='bbox 222 1597 306 1637; x_wconf 87' lang='lat' dir='ltr'><strong>absimile</strong></span> <span class='ocrx_word' id='word_1_191' title='bbox 327 1598 460 1647; x_wconf 79' lang='lat' dir='ltr'><strong>indicaverim,</strong></span> <span class='ocrx_word' id='word_1_192' title='bbox 483 1595 587 1645; x_wconf 79' lang='lat' dir='ltr'><strong>Aghaeum</strong></span> <span class='ocrx_word' id='word_1_193' title='bbox 605 1595 668 1648; x_wconf 90' lang='lat' dir='ltr'><strong>iilum,</strong></span> <span class='ocrx_word' id='word_1_194' title='bbox 687 1601 748 1648; x_wconf 72' lang='lat' dir='ltr'><strong>gente</strong></span> <span class='ocrx_word' id='word_1_195' title='bbox 762 1600 840 1652; x_wconf 88' lang='lat' dir='ltr'><strong>Syrum,</strong></span> 
     </span>
    </p>
   </div>
   <div class='ocr_carea' id='block_1_3' title="bbox 62 1748 889 2345">
    <p class='ocr_par' dir='ltr' id='par_1_4' title="bbox 73 1748 889 2013">
     <span class='ocr_line' id='line_1_23' title="bbox 158 1748 840 1797; baseline 0.006 -12"><span class='ocrx_word' id='word_1_196' title='bbox 158 1751 176 1793; x_wconf 88' lang='lat'><strong>1)</strong></span> <span class='ocrx_word' id='word_1_197' title='bbox 194 1748 263 1784; x_wconf 76' lang='grc'><strong>(16166161</strong></span> <span class='ocrx_word' id='word_1_198' title='bbox 278 1750 354 1793; x_wconf 87' lang='lat' dir='ltr'><strong>Siouita,</strong></span> <span class='ocrx_word' id='word_1_199' title='bbox 373 1751 429 1795; x_wconf 86' lang='lat' dir='ltr'><strong>praes.</strong></span> <span class='ocrx_word' id='word_1_200' title='bbox 444 1752 461 1784; x_wconf 89' lang='lat' dir='ltr'><strong>in</strong></span> <span class='ocrx_word' id='word_1_201' title='bbox 478 1749 530 1784; x_wconf 84' lang='lat' dir='ltr'><strong>Psait.</strong></span> <span class='ocrx_word' id='word_1_202' title='bbox 544 1750 592 1794; x_wconf 53' lang='lat' dir='ltr'><strong>Syra</strong></span> <span class='ocrx_word' id='word_1_203' title='bbox 610 1749 715 1792; x_wconf 87' lang='lat' dir='ltr'><strong>„Versionis</strong></span> <span class='ocrx_word' id='word_1_204' title='bbox 727 1751 808 1797; x_wconf 83' lang='lat' dir='ltr'><strong>Syriacae</strong></span> <span class='ocrx_word' id='word_1_205' title='bbox 820 1764 840 1788; x_wconf 91' lang='lat' dir='ltr'><strong>ea</strong></span> 
     </span>
     <span class='ocr_line' id='line_1_24' title="bbox 90 1803 889 1852; baseline 0.003 -12"><span class='ocrx_word' id='word_1_206' title='bbox 90 1809 117 1840; x_wconf 89' lang='lat' dir='ltr'><strong>est</strong></span> <span class='ocrx_word' id='word_1_207' title='bbox 133 1808 236 1850; x_wconf 70' lang='lat' dir='ltr'><strong>archontas,</strong></span> <span class='ocrx_word' id='word_1_208' title='bbox 252 1809 270 1839; x_wconf 91' lang='lat' dir='ltr'><strong>ut</strong></span> <span class='ocrx_word' id='word_1_209' title='bbox 282 1806 372 1842; x_wconf 85' lang='lat' dir='ltr'><strong>secundnm</strong></span> <span class='ocrx_word' id='word_1_210' title='bbox 384 1808 517 1852; x_wconf 84' lang='lat' dir='ltr'><strong>receptissimam</strong></span> <span class='ocrx_word' id='word_1_211' title='bbox 530 1803 653 1840; x_wconf 79' lang='lat' dir='ltr'><strong>Chaldaeorum</strong></span> <span class='ocrx_word' id='word_1_212' title='bbox 666 1810 683 1842; x_wconf 97' lang='grc'><strong>61</strong></span> <span class='ocrx_word' id='word_1_213' title='bbox 694 1806 776 1852; x_wconf 78' lang='lat' dir='ltr'><strong>Syrorum</strong></span> <span class='ocrx_word' id='word_1_214' title='bbox 786 1808 841 1842; x_wconf 85' lang='lat' dir='ltr'><strong>tradi·</strong></span> <span class='ocrx_word' id='word_1_215' title='bbox 879 1814 889 1831; x_wconf 64' lang='lat'><strong>&lt;³³</strong></span> 
     </span>
     <span class='ocr_line' id='line_1_25' title="bbox 89 1860 861 1907; baseline 0.003 -14"><span class='ocrx_word' id='word_1_216' title='bbox 89 1863 153 1894; x_wconf 86' lang='lat' dir='ltr'><strong>tionem</strong></span> <span class='ocrx_word' id='word_1_217' title='bbox 170 1871 233 1894; x_wconf 88' lang='grc'><strong>666666</strong></span> <span class='ocrx_word' id='word_1_218' title='bbox 245 1863 267 1904; x_wconf 85' lang='grc'><strong>611</strong></span> <span class='ocrx_word' id='word_1_219' title='bbox 280 1861 372 1897; x_wconf 87' lang='lat' dir='ltr'><strong>Satornoni.</strong></span> <span class='ocrx_word' id='word_1_220' title='bbox 395 1862 424 1895; x_wconf 89' lang='lat' dir='ltr'><strong>Sic</strong></span> <span class='ocrx_word' id='word_1_221' title='bbox 440 1863 484 1895; x_wconf 91' lang='lat' dir='ltr'><strong>enim</strong></span> <span class='ocrx_word' id='word_1_222' title='bbox 496 1861 567 1905; x_wconf 77' lang='lat' dir='ltr'><strong>teganus</strong></span> <span class='ocrx_word' id='word_1_223' title='bbox 580 1861 598 1892; x_wconf 86' lang='lat' dir='ltr'><strong>in</strong></span> <span class='ocrx_word' id='word_1_224' title='bbox 610 1860 655 1895; x_wconf 85' lang='lat' dir='ltr'><strong>libro</strong></span> <span class='ocrx_word' id='word_1_225' title='bbox 667 1863 785 1907; x_wconf 80' lang='lat' dir='ltr'><strong>aritiquissime</strong></span> <span class='ocrx_word' id='word_1_226' title='bbox 797 1861 841 1895; x_wconf 86' lang='lat' dir='ltr'><strong>Soa-</strong></span> <span class='ocrx_word' id='word_1_227' title='bbox 857 1863 861 1869; x_wconf 83' lang='lat'><strong><em>‘</em></strong></span> 
     </span>
     <span class='ocr_line' id='line_1_26' title="bbox 90 1913 840 1959; baseline 0.003 -11"><span class='ocrx_word' id='word_1_228' title='bbox 90 1914 139 1956; x_wconf 90' lang='lat' dir='ltr'><strong>dedi,</strong></span> <span class='ocrx_word' id='word_1_229' title='bbox 160 1913 241 1959; x_wconf 85' lang='lat' dir='ltr'><strong>Episcopi</strong></span> <span class='ocrx_word' id='word_1_230' title='bbox 253 1915 374 1952; x_wconf 73' lang='lat' dir='ltr'><strong>ilaeiethensis:</strong></span> <span class='ocrx_word' id='word_1_231' title='bbox 391 1916 483 1950; x_wconf 81' lang='lat' dir='ltr'><strong>Sacrorum</strong></span> <span class='ocrx_word' id='word_1_232' title='bbox 493 1916 596 1949; x_wconf 84' lang='lat' dir='ltr'><strong>roiumimtm</strong></span> <span class='ocrx_word' id='word_1_233' title='bbox 607 1916 697 1950; x_wconf 82' lang='lat' dir='ltr'><strong>translatio</strong></span> <span class='ocrx_word' id='word_1_234' title='bbox 709 1916 753 1951; x_wconf 90' lang='lat' dir='ltr'><strong>hune</strong></span> <span class='ocrx_word' id='word_1_235' title='bbox 766 1916 840 1951; x_wconf 89' lang='lat' dir='ltr'><strong>ordinem</strong></span> 
     </span>
     <span class='ocr_line' id='line_1_27' title="bbox 73 1967 839 2013; baseline 0.005 -10"><span class='ocrx_word' id='word_1_236' title='bbox 73 1967 75 1971; x_wconf 64' lang='lat'>&#39;</span> <span class='ocrx_word' id='word_1_237' title='bbox 88 1968 339 2012; x_wconf 73' lang='grc'><strong>66161661661666161666616666,</strong></span> <span class='ocrx_word' id='word_1_238' title='bbox 351 1971 411 2013; x_wconf 88' lang='grc'><strong>166666,</strong></span> <span class='ocrx_word' id='word_1_239' title='bbox 425 1971 501 2013; x_wconf 86' lang='grc'><strong>1611666,</strong></span> <span class='ocrx_word' id='word_1_240' title='bbox 517 1968 571 2011; x_wconf 78' lang='lat' dir='ltr'><strong>aum,</strong></span> <span class='ocrx_word' id='word_1_241' title='bbox 588 1968 665 2012; x_wconf 85' lang='lat' dir='ltr'><strong>Samuel,</strong></span> <span class='ocrx_word' id='word_1_242' title='bbox 681 1970 755 2006; x_wconf 86' lang='lat' dir='ltr'><strong>llavides</strong></span> <span class='ocrx_word' id='word_1_243' title='bbox 768 1999 772 2007; x_wconf 91' lang='lat'>.</span> <span class='ocrx_word' id='word_1_244' title='bbox 785 1999 789 2007; x_wconf 93' lang='lat'>.</span> <span class='ocrx_word' id='word_1_245' title='bbox 802 1999 806 2008; x_wconf 92' lang='lat'><em>.</em></span> <span class='ocrx_word' id='word_1_246' title='bbox 820 1999 823 2008; x_wconf 95' lang='lat'><em>.</em></span> <span class='ocrx_word' id='word_1_247' title='bbox 836 1999 839 2006; x_wconf 90' lang='grc'><strong>.</strong></span> 
     </span>
    </p>

    <p class='ocr_par' dir='ltr' id='par_1_5' title="bbox 62 2017 847 2345">
     <span class='ocr_line' id='line_1_28' title="bbox 87 2017 838 2070; baseline 0.001 -12"><span class='ocrx_word' id='word_1_248' title='bbox 87 2025 168 2058; x_wconf 83' lang='lat' dir='ltr'><strong>translati</strong></span> <span class='ocrx_word' id='word_1_249' title='bbox 177 2024 246 2058; x_wconf 80' lang='grc'><strong>1666666661</strong></span> <span class='ocrx_word' id='word_1_250' title='bbox 254 2028 330 2068; x_wconf 85' lang='lat' dir='ltr'><strong>tempore</strong></span> <span class='ocrx_word' id='word_1_251' title='bbox 339 2017 443 2067; x_wconf 82' lang='lat' dir='ltr'><strong>Saionrorris,</strong></span> <span class='ocrx_word' id='word_1_252' title='bbox 458 2029 518 2059; x_wconf 90' lang='lat' dir='ltr'><strong>orante</strong></span> <span class='ocrx_word' id='word_1_253' title='bbox 527 2026 642 2067; x_wconf 80' lang='lat' dir='ltr'><strong>exoranteque</strong></span> <span class='ocrx_word' id='word_1_254' title='bbox 650 2023 729 2067; x_wconf 89' lang='lat' dir='ltr'><strong>Hiramo,</strong></span> <span class='ocrx_word' id='word_1_255' title='bbox 740 2035 782 2070; x_wconf 75' lang='lat' dir='ltr'><strong>rege</strong></span> <span class='ocrx_word' id='word_1_256' title='bbox 790 2026 838 2070; x_wconf 82' lang='lat' dir='ltr'><strong>Tyri,</strong></span> 
     </span>
     <span class='ocr_line' id='line_1_29' title="bbox 62 2077 840 2126; baseline 0.004 -15"><span class='ocrx_word' id='word_1_257' title='bbox 62 2122 63 2125; x_wconf 11' lang='grc' dir='ltr'><strong>Ἰ</strong></span> <span class='ocrx_word' id='word_1_258' title='bbox 88 2080 124 2112; x_wconf 86' lang='grc'><strong>6166</strong></span> <span class='ocrx_word' id='word_1_259' title='bbox 137 2079 197 2112; x_wconf 88' lang='grc'><strong>666166.</strong></span> <span class='ocrx_word' id='word_1_260' title='bbox 217 2077 285 2122; x_wconf 80' lang='lat' dir='ltr'><strong>Reliqui</strong></span> <span class='ocrx_word' id='word_1_261' title='bbox 297 2089 338 2112; x_wconf 88' lang='grc'><strong>6666</strong></span> <span class='ocrx_word' id='word_1_262' title='bbox 350 2078 390 2112; x_wconf 88' lang='lat' dir='ltr'><strong>libri</strong></span> <span class='ocrx_word' id='word_1_263' title='bbox 403 2077 424 2113; x_wconf 83' lang='lat' dir='ltr'><strong>hi.</strong></span> <span class='ocrx_word' id='word_1_264' title='bbox 437 2081 502 2123; x_wconf 85' lang='lat' dir='ltr'><strong>pariter</strong></span> <span class='ocrx_word' id='word_1_265' title='bbox 516 2088 537 2113; x_wconf 88' lang='lat' dir='ltr'><strong>ae</strong></span> <span class='ocrx_word' id='word_1_266' title='bbox 548 2077 568 2112; x_wconf 92' lang='lat' dir='ltr'><strong>N.</strong></span> <span class='ocrx_word' id='word_1_267' title='bbox 580 2077 601 2112; x_wconf 88' lang='grc' dir='ltr'><strong>Τ.</strong></span> <span class='ocrx_word' id='word_1_268' title='bbox 613 2081 690 2124; x_wconf 86' lang='lat' dir='ltr'><strong>tempere</strong></span> <span class='ocrx_word' id='word_1_269' title='bbox 701 2079 777 2124; x_wconf 77' lang='lat' dir='ltr'><strong>digeri,</strong></span> <span class='ocrx_word' id='word_1_270' title='bbox 794 2083 840 2126; x_wconf 78' lang='lat' dir='ltr'><strong>regis</strong></span> 
     </span>
     <span class='ocr_line' id='line_1_30' title="bbox 88 2132 841 2180; baseline 0.004 -13"><span class='ocrx_word' id='word_1_271' title='bbox 88 2133 157 2177; x_wconf 84' lang='lat' dir='ltr'><strong>Syriae,</strong></span> <span class='ocrx_word' id='word_1_272' title='bbox 179 2144 220 2168; x_wconf 87' lang='lat' dir='ltr'><strong>cura</strong></span> <span class='ocrx_word' id='word_1_273' title='bbox 236 2144 256 2168; x_wconf 90' lang='grc'><strong>66</strong></span> <span class='ocrx_word' id='word_1_274' title='bbox 272 2133 388 2167; x_wconf 87' lang='lat' dir='ltr'><strong>sollieitudine</strong></span> <span class='ocrx_word' id='word_1_275' title='bbox 404 2132 491 2168; x_wconf 86' lang='lat' dir='ltr'><strong>Thaddaei</strong></span> <span class='ocrx_word' id='word_1_276' title='bbox 506 2134 612 2178; x_wconf 78' lang='lat' dir='ltr'><strong>aliorumque</strong></span> <span class='ocrx_word' id='word_1_277' title='bbox 627 2132 749 2180; x_wconf 78' lang='lat' dir='ltr'><strong>Apostolorum</strong></span> <span class='ocrx_word' id='word_1_278' title='bbox 760 2137 841 2170; x_wconf 81' lang='lat' dir='ltr'><strong>translati</strong></span> 
     </span>
     <span class='ocr_line' id='line_1_31' title="bbox 89 2187 839 2235; baseline 0.004 -14"><span class='ocrx_word' id='word_1_279' title='bbox 89 2191 133 2222; x_wconf 87' lang='lat' dir='ltr'><strong>sunt,</strong></span> <span class='ocrx_word' id='word_1_280' title='bbox 161 2187 263 2232; x_wconf 81' lang='lat' dir='ltr'><strong>Quamquam</strong></span> <span class='ocrx_word' id='word_1_281' title='bbox 280 2198 314 2221; x_wconf 91' lang='lat' dir='ltr'><strong>nou</strong></span> <span class='ocrx_word' id='word_1_282' title='bbox 329 2191 391 2232; x_wconf 80' lang='lat' dir='ltr'><strong>ignoro</strong></span> <span class='ocrx_word' id='word_1_283' title='bbox 407 2188 512 2231; x_wconf 82' lang='lat' dir='ltr'><strong>quorundam</strong></span> <span class='ocrx_word' id='word_1_284' title='bbox 528 2189 735 2232; x_wconf 85' lang='lat' dir='ltr'><strong>Syrorumseutentiarn,</strong></span> <span class='ocrx_word' id='word_1_285' title='bbox 756 2193 839 2235; x_wconf 78' lang='lat' dir='ltr'><strong>integram</strong></span> 
     </span>
     <span class='ocr_line' id='line_1_32' title="bbox 89 2240 840 2292; baseline 0.005 -16"><span class='ocrx_word' id='word_1_286' title='bbox 89 2242 109 2276; x_wconf 92' lang='lat' dir='ltr'><strong>V.</strong></span> <span class='ocrx_word' id='word_1_287' title='bbox 126 2244 143 2275; x_wconf 87' lang='lat' dir='ltr'><strong>et</strong></span> <span class='ocrx_word' id='word_1_288' title='bbox 158 2240 180 2275; x_wconf 86' lang='lat' dir='ltr'><strong>N.</strong></span> <span class='ocrx_word' id='word_1_289' title='bbox 196 2241 217 2277; x_wconf 84' lang='lat' dir='ltr'><strong>T.</strong></span> <span class='ocrx_word' id='word_1_290' title='bbox 234 2244 330 2277; x_wconf 87' lang='lat' dir='ltr'><strong>versionem</strong></span> <span class='ocrx_word' id='word_1_291' title='bbox 342 2242 430 2288; x_wconf 73' lang='lat' dir='ltr'><strong>Syriacam</strong></span> <span class='ocrx_word' id='word_1_292' title='bbox 448 2242 509 2276; x_wconf 85' lang='lat' dir='ltr'><strong>factam</strong></span> <span class='ocrx_word' id='word_1_293' title='bbox 524 2252 561 2277; x_wconf 90' lang='grc'><strong>6666</strong></span> <span class='ocrx_word' id='word_1_294' title='bbox 576 2247 653 2288; x_wconf 86' lang='lat' dir='ltr'><strong>tempore</strong></span> <span class='ocrx_word' id='word_1_295' title='bbox 665 2243 754 2280; x_wconf 89' lang='lat' dir='ltr'><strong>Thaddaei</strong></span> <span class='ocrx_word' id='word_1_296' title='bbox 765 2250 782 2280; x_wconf 90' lang='lat' dir='ltr'><strong>et</strong></span> <span class='ocrx_word' id='word_1_297' title='bbox 794 2248 840 2292; x_wconf 78' lang='lat' dir='ltr'><strong>regis</strong></span> 
     </span>
     <span class='ocr_line' id='line_1_33' title="bbox 88 2295 847 2345; baseline 0.008 -14"><span class='ocrx_word' id='word_1_298' title='bbox 88 2296 172 2341; x_wconf 77' lang='lat' dir='ltr'><strong>hligari,“</strong></span> <span class='ocrx_word' id='word_1_299' title='bbox 196 2296 221 2330; x_wconf 77' lang='lat' dir='ltr'><strong>Gt.</strong></span> <span class='ocrx_word' id='word_1_300' title='bbox 233 2295 296 2333; x_wconf 83' lang='lat' dir='ltr'><strong>Abrah.</strong></span> <span class='ocrx_word' id='word_1_301' title='bbox 309 2296 450 2332; x_wconf 54' lang='lat' dir='ltr'><strong>llehclieirsfnotss</strong></span> <span class='ocrx_word' id='word_1_302' title='bbox 463 2296 485 2331; x_wconf 90' lang='lat' dir='ltr'><strong>ad</strong></span> <span class='ocrx_word' id='word_1_303' title='bbox 493 2295 546 2331; x_wconf 80' lang='lat' dir='ltr'><strong>(latal.</strong></span> <span class='ocrx_word' id='word_1_304' title='bbox 554 2308 570 2341; x_wconf 91' lang='lat' dir='ltr'><strong>p.</strong></span> <span class='ocrx_word' id='word_1_305' title='bbox 578 2297 615 2335; x_wconf 79' lang='lat'><em>78.&#39;</em></span> <span class='ocrx_word' id='word_1_306' title='bbox 628 2298 705 2345; x_wconf 81' lang='lat' dir='ltr'><strong>ilotting.</strong></span> <span class='ocrx_word' id='word_1_307' title='bbox 714 2300 766 2336; x_wconf 89' lang='lat' dir='ltr'><strong>Thes.</strong></span> <span class='ocrx_word' id='word_1_308' title='bbox 776 2306 847 2344; x_wconf 65' lang='grc'><strong>62211..</strong></span> 
     </span>
    </p>
   </div>
   <div class='ocr_carea' id='block_1_4' title="bbox 155 2356 839 2471">
    <p class='ocr_par' dir='ltr' id='par_1_6' title="bbox 155 2356 839 2471">
     <span class='ocr_line' id='line_1_34' title="bbox 155 2356 715 2408; baseline 0.007 -14"><span class='ocrx_word' id='word_1_309' title='bbox 155 2361 178 2405; x_wconf 80' lang='lat'><strong>2)</strong></span> <span class='ocrx_word' id='word_1_310' title='bbox 186 2356 255 2396; x_wconf 80' lang='lat' dir='ltr'><strong>iiisem.</strong></span> <span class='ocrx_word' id='word_1_311' title='bbox 267 2360 279 2395; x_wconf 91' lang='grc'><strong>1,</strong></span> <span class='ocrx_word' id='word_1_312' title='bbox 287 2369 305 2408; x_wconf 75' lang='lat' dir='ltr'><strong>y.</strong></span> <span class='ocrx_word' id='word_1_313' title='bbox 316 2370 356 2404; x_wconf 79' lang='lat' dir='ltr'><strong>pag.</strong></span> <span class='ocrx_word' id='word_1_314' title='bbox 370 2360 503 2396; x_wconf 68' lang='grc'><strong>1061161166.</strong></span> <span class='ocrx_word' id='word_1_315' title='bbox 516 2369 575 2403; x_wconf 86' lang='grc'><strong>66666,</strong></span> <span class='ocrx_word' id='word_1_316' title='bbox 587 2363 624 2397; x_wconf 89' lang='lat' dir='ltr'><strong>crit.</strong></span> <span class='ocrx_word' id='word_1_317' title='bbox 635 2373 675 2407; x_wconf 77' lang='lat' dir='ltr'><strong>pag.</strong></span> <span class='ocrx_word' id='word_1_318' title='bbox 687 2366 715 2400; x_wconf 82' lang='lat'><strong>91.</strong></span> 
     </span>
     <span class='ocr_line' id='line_1_35' title="bbox 155 2415 839 2471; baseline 0.01 -13"><span class='ocrx_word' id='word_1_319' title='bbox 155 2424 176 2466; x_wconf 84' lang='grc'><strong>6)</strong></span> <span class='ocrx_word' id='word_1_320' title='bbox 187 2424 252 2460; x_wconf 72' lang='lat' dir='ltr'><strong>assai.</strong></span> <span class='ocrx_word' id='word_1_321' title='bbox 268 2423 289 2458; x_wconf 85' lang='grc'><strong>6.</strong></span> <span class='ocrx_word' id='word_1_322' title='bbox 304 2423 323 2458; x_wconf 91' lang='grc'><strong>6.</strong></span> <span class='ocrx_word' id='word_1_323' title='bbox 342 2424 363 2458; x_wconf 84' lang='grc'><strong>6.</strong></span> <span class='ocrx_word' id='word_1_324' title='bbox 374 2423 390 2458; x_wconf 91' lang='grc'><strong>66</strong></span> <span class='ocrx_word' id='word_1_325' title='bbox 402 2425 420 2457; x_wconf 78' lang='lat' dir='ltr'><strong>a</strong></span> <span class='ocrx_word' id='word_1_326' title='bbox 430 2423 466 2458; x_wconf 74' lang='grc'><strong>666.</strong></span> <span class='ocrx_word' id='word_1_327' title='bbox 478 2423 519 2458; x_wconf 84' lang='lat' dir='ltr'><strong>ma</strong></span> <span class='ocrx_word' id='word_1_328' title='bbox 532 2422 556 2459; x_wconf 87' lang='grc'><strong>66,</strong></span> <span class='ocrx_word' id='word_1_329' title='bbox 568 2424 585 2458; x_wconf 82' lang='lat' dir='ltr'><strong>s</strong></span> <span class='ocrx_word' id='word_1_330' title='bbox 595 2435 635 2471; x_wconf 72' lang='lat' dir='ltr'><strong>pag.</strong></span> <span class='ocrx_word' id='word_1_331' title='bbox 648 2415 689 2465; x_wconf 77' lang='grc' dir='ltr'><strong>666.ι</strong></span> <span class='ocrx_word' id='word_1_332' title='bbox 708 2426 839 2465; x_wconf 77' lang='grc'><strong>1166666666-</strong></span> 
     </span>
    </p>
   </div>
   <div class='ocr_carea' id='block_1_5' title="bbox 26 2478 840 2525">
    <p class='ocr_par' dir='ltr' id='par_1_7' title="bbox 26 2478 840 2525">
     <span class='ocr_line' id='line_1_36' title="bbox 26 2478 840 2525; baseline 0.009 -12"><span class='ocrx_word' id='word_1_333' title='bbox 26 2494 28 2496; x_wconf 44' lang='lat'>*</span> <span class='ocrx_word' id='word_1_334' title='bbox 88 2480 145 2514; x_wconf 87' lang='lat' dir='ltr'><strong>nullos</strong></span> <span class='ocrx_word' id='word_1_335' title='bbox 159 2479 241 2525; x_wconf 85' lang='lat' dir='ltr'><strong>Syrorum</strong></span> <span class='ocrx_word' id='word_1_336' title='bbox 261 2482 346 2514; x_wconf 84' lang='lat' dir='ltr'><strong>versionis</strong></span> <span class='ocrx_word' id='word_1_337' title='bbox 364 2479 445 2524; x_wconf 84' lang='lat' dir='ltr'><strong>Syriacae</strong></span> <span class='ocrx_word' id='word_1_338' title='bbox 463 2483 548 2513; x_wconf 79' lang='lat' dir='ltr'><strong>erratorem</strong></span> <span class='ocrx_word' id='word_1_339' title='bbox 568 2478 641 2522; x_wconf 87' lang='lat' dir='ltr'><strong>hahere,</strong></span> <span class='ocrx_word' id='word_1_340' title='bbox 662 2481 840 2520; x_wconf 82' lang='grc' dir='ltr'><strong>611Β6166166666166</strong></span> 
     </span>
    </p>
   </div>
   <div class='ocr_carea' id='block_1_6' title="bbox 87 2533 642 2578">
    <p class='ocr_par' dir='ltr' id='par_1_8' title="bbox 87 2533 642 2578">
     <span class='ocr_line' id='line_1_37' title="bbox 87 2533 642 2578; baseline 0.005 -12"><span class='ocrx_word' id='word_1_341' title='bbox 87 2534 143 2578; x_wconf 80' lang='lat' dir='ltr'><strong>praet.</strong></span> <span class='ocrx_word' id='word_1_342' title='bbox 155 2535 176 2569; x_wconf 91' lang='lat' dir='ltr'><strong>ad</strong></span> <span class='ocrx_word' id='word_1_343' title='bbox 188 2534 209 2569; x_wconf 95' lang='lat' dir='ltr'><strong>N.</strong></span> <span class='ocrx_word' id='word_1_344' title='bbox 223 2535 243 2570; x_wconf 93' lang='lat' dir='ltr'><strong>T.</strong></span> <span class='ocrx_word' id='word_1_345' title='bbox 256 2534 283 2577; x_wconf 78' lang='lat' dir='ltr'><strong>S,</strong></span> <span class='ocrx_word' id='word_1_346' title='bbox 300 2535 331 2570; x_wconf 87' lang='lat' dir='ltr'><strong>sed</strong></span> <span class='ocrx_word' id='word_1_347' title='bbox 343 2535 381 2569; x_wconf 88' lang='lat' dir='ltr'><strong>sola</strong></span> <span class='ocrx_word' id='word_1_348' title='bbox 392 2533 463 2569; x_wconf 86' lang='lat' dir='ltr'><strong>Postelti</strong></span> <span class='ocrx_word' id='word_1_349' title='bbox 475 2535 576 2569; x_wconf 87' lang='lat' dir='ltr'><strong>auctoritate</strong></span> <span class='ocrx_word' id='word_1_350' title='bbox 587 2535 642 2569; x_wconf 79' lang='lat' dir='ltr'><strong>nixus.</strong></span> 
     </span>
    </p>
   </div>
   <div class='ocr_carea' id='block_1_7' title="bbox 87 2596 839 2772">
    <p class='ocr_par' dir='ltr' id='par_1_9' title="bbox 87 2596 839 2756">
     <span class='ocr_line' id='line_1_38' title="bbox 154 2596 839 2643; baseline 0.003 -10"><span class='ocrx_word' id='word_1_351' title='bbox 154 2598 176 2642; x_wconf 81' lang='lat' dir='ltr'><strong>lt)</strong></span> <span class='ocrx_word' id='word_1_352' title='bbox 191 2598 238 2634; x_wconf 84' lang='lat' dir='ltr'><strong>Duos</strong></span> <span class='ocrx_word' id='word_1_353' title='bbox 257 2598 360 2634; x_wconf 85' lang='lat' dir='ltr'><strong>Tiraddaeos</strong></span> <span class='ocrx_word' id='word_1_354' title='bbox 376 2598 464 2634; x_wconf 84' lang='lat' dir='ltr'><strong>celebrant</strong></span> <span class='ocrx_word' id='word_1_355' title='bbox 480 2596 529 2643; x_wconf 83' lang='lat' dir='ltr'><strong>Syri,</strong></span> <span class='ocrx_word' id='word_1_356' title='bbox 549 2597 620 2631; x_wconf 89' lang='lat' dir='ltr'><strong>alterum</strong></span> <span class='ocrx_word' id='word_1_357' title='bbox 638 2609 659 2632; x_wconf 81' lang='lat' dir='ltr'><strong>er</strong></span> <span class='ocrx_word' id='word_1_358' title='bbox 672 2599 714 2641; x_wconf 88' lang='lat' dir='ltr'><strong>XII,</strong></span> <span class='ocrx_word' id='word_1_359' title='bbox 735 2601 839 2636; x_wconf 85' lang='grc'><strong>6116666666</strong></span> 
     </span>
     <span class='ocr_line' id='line_1_39' title="bbox 87 2649 839 2700; baseline 0.008 -16"><span class='ocrx_word' id='word_1_360' title='bbox 87 2651 135 2685; x_wconf 85' lang='lat' dir='ltr'><strong>LXX</strong></span> <span class='ocrx_word' id='word_1_361' title='bbox 146 2653 244 2698; x_wconf 87' lang='lat' dir='ltr'><strong>discipulis,</strong></span> <span class='ocrx_word' id='word_1_362' title='bbox 261 2664 309 2698; x_wconf 87' lang='lat' dir='ltr'><strong>quem</strong></span> <span class='ocrx_word' id='word_1_363' title='bbox 320 2654 372 2700; x_wconf 75' lang='lat' dir='ltr'><strong>vulgo</strong></span> <span class='ocrx_word' id='word_1_364' title='bbox 383 2653 458 2689; x_wconf 88' lang='lat' dir='ltr'><strong>Adaeum</strong></span> <span class='ocrx_word' id='word_1_365' title='bbox 469 2655 537 2688; x_wconf 83' lang='lat' dir='ltr'><strong>vocant.</strong></span> <span class='ocrx_word' id='word_1_366' title='bbox 563 2649 639 2686; x_wconf 81' lang='lat' dir='ltr'><strong>Adaeum</strong></span> <span class='ocrx_word' id='word_1_367' title='bbox 651 2662 662 2686; x_wconf 93' lang='lat' dir='ltr'><strong>a</strong></span> <span class='ocrx_word' id='word_1_368' title='bbox 674 2651 740 2687; x_wconf 86' lang='lat' dir='ltr'><strong>Thema</strong></span> <span class='ocrx_word' id='word_1_369' title='bbox 754 2653 839 2699; x_wconf 85' lang='lat' dir='ltr'><strong>Apostolo</strong></span> 
     </span>
     <span class='ocr_line' id='line_1_40' title="bbox 87 2706 838 2772; baseline 0.004 -29"><span class='ocrx_word' id='word_1_370' title='bbox 87 2708 109 2743; x_wconf 91' lang='lat' dir='ltr'><strong>ad</strong></span> <span class='ocrx_word' id='word_1_371' title='bbox 125 2708 213 2771; x_wconf 76' lang='lat' dir='ltr'><strong>Abgarum</strong></span> <span class='ocrx_word' id='word_1_372' title='bbox 228 2711 296 2772; x_wconf 78' lang='grc'><strong>66166666</strong></span> <span class='ocrx_word' id='word_1_373' title='bbox 312 2719 350 2743; x_wconf 83' lang='grc'><strong>6666</strong></span> <span class='ocrx_word' id='word_1_374' title='bbox 365 2709 439 2744; x_wconf 88' lang='lat' dir='ltr'><strong>tradunt.</strong></span> <span class='ocrx_word' id='word_1_375' title='bbox 462 2707 514 2743; x_wconf 83' lang='lat' dir='ltr'><strong>liius</strong></span> <span class='ocrx_word' id='word_1_376' title='bbox 520 2707 612 2751; x_wconf 85' lang='lat' dir='ltr'><strong>discipulus</strong></span> <span class='ocrx_word' id='word_1_377' title='bbox 623 2706 700 2743; x_wconf 86' lang='lat' dir='ltr'><strong>Achaeus</strong></span> <span class='ocrx_word' id='word_1_378' title='bbox 712 2710 748 2745; x_wconf 86' lang='lat' dir='ltr'><strong>sive</strong></span> <span class='ocrx_word' id='word_1_379' title='bbox 759 2707 838 2756; x_wconf 76' lang='lat' dir='ltr'><strong>Aghaeus</strong></span> 
     </span>
    </p>
   </div>
   <div class='ocr_carea' id='block_1_8' title="bbox 86 2751 312 2862">
    <p class='ocr_par' dir='ltr' id='par_1_10' title="bbox 86 2751 312 2862">
     <span class='ocr_line' id='line_1_41' title="bbox 86 2751 312 2862; baseline 0 -42"><span class='ocrx_word' id='word_1_380' title='bbox 86 2768 179 2831; x_wconf 69' lang='lat' dir='ltr'><strong>scribitur!</strong></span> <span class='ocrx_word' id='word_1_381' title='bbox 201 2751 312 2862; x_wconf 44' lang='lat' dir='ltr'><strong>(md)</strong></span> 
     </span>
    </p>
   </div>
   <div class='ocr_carea' id='block_1_9' title="bbox 0 0 898 3062">
    <p class='ocr_par' dir='ltr' id='par_1_11' title="bbox 0 0 898 3062">
     <span class='ocr_line' id='line_1_42' title="bbox 0 0 898 3062; baseline 0 0"><span class='ocrx_word' id='word_1_382' title='bbox 0 0 898 3062; x_wconf 95' lang='lat' dir='ltr'><strong> </strong></span> 
     </span>
    </p>
   </div>
  </div>
 </body>
</html>
