1786 3062
721 140 764 182 93⁴7

16 265 99 318 Syriaca
123 261 246 311 legerentur,
270 259 364 299 recentem
388 260 429 298 eius
454 259 547 310 originem
568 256 648 311 probari
672 252 764 309 duriti),

18 343 38 382 lu
55 338 137 392 epistola
149 338 211 378 altera
224 335 331 377 Boelrartus
347 337 428 378 maxime
443 337 527 376 inuititur
542 348 593 376 voce
606 324 694 386 tinam,
707 346 763 387 qoam

18 428 79 471 aeque
99 417 156 468 atque
175 406 344 466 Targumistarum-
360 424 417 456 unae
438 419 498 467 ortam
514 414 570 464 putat
585 424 611 451 ex
625 412 700 453 Graeco
714 409 765 461 ‹lor-

17 500 64 539 μον,
85 480 168 535 doceor,
192 482 240 522 unde
264 481 372 532 concludit,
395 493 450 532 quum
468 480 644 530 'l'argnmislac-et
661 480 709 531 Syri
726 478 764 519 boc

17 550 132 592 vocabulum
149 549 254 590 aGraeeis
275 548 426 599 desumpserint,
444 547 494 598 apud
511 547 597 587 Graecos
617 548 680 586 nutem
699 546 768 585 vesti-¹

18 620 70 669 glum
95 618 137 656 eius
159 616 230 655 nullum
251 614 360 667 reperiatur
385 615 429 652 ante
448 613 555 653 Ptolemaei
572 614 667 663 aetatem,
689 613 720 664 qui
737 612 764 651 ill.

17 684 98 725 Aurelio
117 682 203 724 Caesare
221 682 304 732 vixerit,
327 691 365 719 uon
382 691 442 731 posse
462 681 571 720 versionem
586 680 687 731 Syriacam
702 691 765 732 neque

14 750 146 804 'paraphrases
167 750 210 789 illas
226 740 335 790 curaloaeas
353 748 435 799 scriptas
456 760 500 787 esse
515 747 581 800 primis
596 760 616 799 p.
634 746 680 788 Glrr.
693 759 765 787 saeuu-

17 820 49 857 lis.
81 817 143 856 Grotii
166 817 297 865 argumentum
314 813 365 852 aliud
384 815 464 865 petitum
484 816 515 853 est
533 825 559 852 ex
575 814 645 853 liiattb.
662 813 701 865 Vl,
722 812 765 864 134
821 863 822 866 Ἴ

19 883 143 922 certissimum
161 881 238 920 videtur
256 879 338 930 urbicis,
361 878 410 919 liano
430 879 522 918 erationis
540 880 645 920 dominicae
661 879 765 919 clausulam

19 949 165 989 additamentum
192 958 237 986 esse
260 958 287 985 ex
309 945 388 996 liturgia
410 946 551 997 posterioribus
572 946 690 998 temporibus
708 946 767 984 inve-

21 1018 81 1062 ctum3
96 1025 132 1066 qua
143 1013 166 1052 de
181 1025 203 1052 re
218 1012 305 1052 dubitare
318 1025 374 1066 quum
390 1014 492 1064 nelassit,
507 1013 595 1066 seqnitur
604 1012 714 1052 versionem
724 1010 767 1069 Sp·-

20 1083 89 1122 riacam
108 1080 166 1120 tertio
185 1080 263 1120 soeculo
278 1080 406 1132 posteriorem
422 1091 474 1119 esse.
501 1079 541 1120 Sed
556 1079 593 1118 sibi
606 1091 631 1118 ne
644 1079 767 1119 satisfaciens

20 1148 95 1202 quiderm
113 1146 166 1188 bisce
183 1136 302 1198 argumentis
317 1159 370 1188 nora
387 1147 467 1201 protulit
487 1146 618 1199 Wetstenius,
639 1147 671 1200 qui
686 1146 767 1187 lienam-

21 1217 72 1257 dotio
96 1217 116 1256 et
133 1214 229 1265 belongio
252 1214 289 1254 fide
307 1214 373 1255 laerta
390 1214 448 1255 bodie
463 1227 500 1254 uon
519 1214 568 1254 alios
588 1207 668 1254 exstare
689 1213 767 1254 codices
794 1245 798 1254 .

20 1283 114 1334 Syriacos
133 1281 198 1322 docuit
216 1294 272 1334 quam
286 1293 333 1331 eos,
353 1282 385 1333 qui
405 1293 431 1320 ex
446 1280 532 1320 Tlromae
547 1281 660 1320 recensione
675 1279 768 1332 descripti

22 1356 41 1391 et
59 1349 141 1391 correcti
161 1348 207 1388 siut.
238 1348 280 1401 Qua
298 1348 322 1387 de
341 1360 363 1387 re
379 1348 498 1388 familiariter
515 1349 597 1387 mordtus
615 1347 738 1387 Wetstenius
756 1359 768 1386 a

20 1416 91 1457 Ioanne
108 1415 187 1467 Kippax
205 1415 225 1454 et
243 1415 315 1453 erroris
333 1416 433 1456 convietus
449 1428 486 1454 non
504 1415 565 1454 solum
583 1416 670 1466 perstitit
683 1416 702 1452 iu
715 1426 768 1453 nova

20 1482 204 1537 Prolegomenorum
222 1480 306 1520 editione
323 1482 342 1520 iu
356 1482 452 1521 sententie
466 1482 510 1529 sura,
527 1478 632 1520 sedetiam
648 1481 721 1520 addidit
734 1492 769 1520 ar-

22 1550 131 1599 gumentum
146 1548 202 1599 illud,
217 1548 268 1600 qarod
281 1548 327 1587 urbs
342 1548 447 1588 Ptolemais
463 1550 482 1586 iu
496 1547 583 1599 SimpHci
599 1548 696 1587 diceretur
706 1547 769 1599 Acco,

23 1616 74 1668 quod
90 1627 157 1654 ucrueu
173 1614 206 1654 illa
225 1626 263 1654 uon
281 1616 325 1654 ante
342 1615 440 1667 imperinm
459 1615 599 1655 Saracenorum
618 1606 770 1667 recuperaverit.

21 1682 122 1733 Indignum
136 1680 209 1733 habeo,
228 1681 277 1720 viris
293 1682 346 1720 tanta
360 1682 428 1721 ruentis
444 1682 485 1722 acie
500 1684 592 1735 tantaque
609 1681 696 1722 doctrina
709 1671 773 1734 prae·¹

24 1750 68 1805 ditis
84 1749 107 1787 ad
118 1749 211 1787 eiusmodi
220 1750 334 1798 argumenta
342 1749 472 1800 respondere3
484 1749 501 1786 si
511 1750 553 1801 quis
563 1749 698 1788 refutationem
708 1760 771 1800 quae-

24 1817 63 1863 rat,
87 1814 145 1852 adeat
161 1813 267 1863 Ridleium,
291 1813 361 1864 quiin
379 1813 516 1852 dissertatione
534 1815 612 1868 saepius
630 1812 707 1854 laudata
723 1814 772 1855 lianc
834 1843 835 1846 η

24 1879 147 1919 vindiciarum
163 1879 280 1931 provinciam
300 1880 318 1916 iu
336 1891 358 1917 se
376 1882 474 1932 suscepit,
495 1882 539 1921 sive
554 1881 569 1921 l.
583 1882 608 1921 l).
623 1879 738 1920 llliebnelem
752 1881 772 1920 im

25 1947 163 1987 introductione
183 1946 201 1984 in
221 1945 245 1985 N.
265 1945 290 1984 Τ.
312 1944 345 2000 [3.
363 1945 409 2000 58.)
429 1950 542 1998 argumenta
562 1948 595 1988 illa
615 1943 771 2001 refellenterr1²].

91 2113 109 2156 1)
125 2112 150 2146 (u.
162 2111 242 2153 boelrarti
259 2122 311 2156 opera
324 2092 383 2146 omnia>
393 2113 418 2146 ed.
430 2116 479 2155 tert,
496 2112 561 2157 Plraleg
573 2116 589 2147 et
601 2113 670 2148 earam
682 2122 722 2159 pag.
734 2115 773 2151 856.
815 2142 816 2149 ³

26 2175 52 2211 sq.
76 2166 122 2206 Quae
138 2177 159 2201 ev
174 2166 194 2203 V.
210 2166 230 2201 T.
247 2164 312 2202 Graeca
331 2167 415 2203 voeabula
430 2168 497 2213 proiert
510 2168 605 2203 Boolrartns
620 2171 683 2213 partim
698 2178 720 2202 ne
735 2171 774 2203 sunt

27 2232 92 2275 quidem
103 2231 180 2275 Graeca,
191 2234 253 2278 partim
265 2232 307 2268 uilril
319 2231 407 2277 probant
421 2232 450 2267 sre
461 2220 579 2283 ῙΔΑᾸΩΟ
592 2233 633 2269 Gen.
645 2234 679 2277 lll,
691 2240 718 2271 21.
731 2237 774 2270 seri-

27 2321 71 2362 ptum
83 2328 121 2355 esse
133 2319 174 2355 dicit
185 2331 216 2365 pro
228 2319 309 2364 χιτῶνας,
327 2331 343 2355 v.
354 2321 381 2356 24.
392 2311 442 2382 7,έοί
454 2332 486 2367 pro
500 2321 598 2367 ἐχαράκωσε
610 2327 627 2357 et
637 2324 673 2357 alie
684 2324 773 2362 eiusmodi.

28 2382 99 2419 Omnino
115 2384 204 2421 dolendum
220 2391 256 2429 est,
273 2387 318 2433 quod
329 2387 424 2423 Boebartus
440 2390 467 2424 vir
480 2392 538 2424 tantae
556 2389 658 2424 eruditionis
674 2393 691 2425 et
707 2392 792 2436 sagaci-x

26 2442 67 2475 tatis
86 2443 154 2477 nimium
176 2445 245 2489 iugenio
264 2443 354 2490 indulgens
375 2455 497 2491 saepenumero
519 2446 555 2481 lere
572 2445 593 2480 ad
609 2446 698 2481 arbitrium
714 2447 776 2482 lusisse

26 2495 96 2531 ridetur.
312 2542 314 2545 Α
500 2542 502 2548 Ι

93 2560 113 2605 a)
128 2560 180 2596 Unum
200 2564 292 2608 attingam,
313 2574 347 2609 qua
362 2567 380 2599 in
395 2576 414 2600 re
430 2565 471 2600 mibi
485 2576 520 2600 non
536 2565 641 2600 satisfactum
657 2570 688 2601 esi.
714 2565 776 2604 Matri.

28 2613 100 2659 XXVH,
116 2618 143 2653 65.
159 2618 222 2664 legitur
235 2620 253 2652 in
268 2618 371 2656 editionibus
389 2622 466 2657 omuibus
484 2621 618 2666 (Loudincusenr
636 2626 722 2668 exceptam
739 2634 777 2658 esse

28 2679 69 2714 dicit
79 2680 98 2717 R.
111 2682 205 2727 Simonias)
222 2677 327 2740 lQQOEO
339 2686 369 2719 ubi
383 2688 402 2721 iu
417 2685 483 2727 Graeco
499 2687 602 2723 aoeoewdte.
625 2687 693 2722 Monuit
704 2690 737 2722 iam
749 2687 784 2724 su,

28 2747 103 2789 monins,
125 2748 143 2782 iu
160 2748 208 2796 codd.
224 2750 310 2785 nonnullis
322 2761 354 2796 pro
366 2750 418 2786 Riselr
430 2753 466 2798 legi
478 2753 541 2787 Dolath
554 2757 571 2787 ct
583 2763 620 2787 esse
632 2754 650 2787 in
662 2752 733 2796 Syriaco
745 2762 778 2791 vo-⁴

29 2798 104 2834 cabulum
121 2803 247 2843 „eustodiam“
264 2806 392 2840 restituendum.
416 2806 533 2848 ‚,tirrstodes“
545 2810 632 2843 verterant
644 2805 745 2840 Tremellius
760 2809 778 2840 el
