1786 3062
775 141 815 183 167

63 250 180 300 iurgandum
197 253 217 289 et
231 262 283 289 mora
298 250 361 303 aliqua
374 251 507 304 insistendum,
525 245 584 293 etiam
596 253 617 293 ut
632 264 695 292 serare
706 263 741 304 per
751 253 812 291 verba

64 318 119 356 traria
137 316 249 357 coordinata
267 329 314 356 sono
331 319 424 371 aequabili
438 320 571 372 protrahatur,
589 321 651 360 onmia
664 319 712 368 hace
726 320 810 370 propriis

63 393 130 454 siguis:
143 393 258 450 notabantur
272 379 310 446 ici.
331 383 458 474 hoaQJ-
471 377 566 471 ῙΞΟΝ).
599 396 629 436 lta
648 397 721 448 demum
738 396 810 436 factum

2 470 4 474 ⁴
63 473 105 522 est,
128 474 150 509 ut
166 472 222 510 simili
244 473 299 511 niodo
318 477 376 527 atque
393 477 411 513 iu
431 476 487 513 textu
506 474 596 514 llebraeo
616 474 715 526 quodlibet
728 474 808 514 verbum

2 552 4 592 j
61 539 142 577 accentu
162 540 268 579 notaretur.
294 539 382 594 hectoris
396 552 463 591 rqunus
478 543 521 580 erat
535 541 598 580 Biblia
611 542 632 579 et
646 541 728 580 oiiicialc
746 554 806 580 accu-

0 597 3 631 Ϊ
61 607 104 643 rate
123 606 227 644 secundum
246 609 337 646 accentus
355 600 461 653 recitandi3
484 619 526 646 nam
538 608 637 647 accentus
656 617 721 645 omnes
735 609 807 646 eertum

61 672 154 724 quendam
174 685 239 711 sonum
254 667 353 713 notabant.
376 673 505 714 ‘Convenisse
519 676 566 726 puto
580 672 629 714 hanc
645 674 740 725 Syrorum
754 674 807 712 reci-.

0 735 2 772 ἶ
55 734 152 778 'tationem
172 751 220 778 eum'
231 741 349 780 recitationis
368 742 422 792 arte,
445 743 466 780 ut
478 740 572 793 hodieque
587 740 638 791 apud
655 739 806 795 ltorrrane-Cass

61 804 142 843 tholicos
157 808 271 857 excreatum
291 807 373 859 quamsi
383 808 433 845 notis
441 803 520 845 musicis
530 806 624 858 depictam
634 805 706 858 habes,
724 818 765 845 earn
776 806 805 844 si-

59 871 97 910 mili
109 871 164 910 modo
177 872 285 922 procedere
296 872 383 912 iuvenies
394 874 452 925 atque
461 872 625 914 accentuationem
635 872 735 923 Syrorum.
762 864 805 913 Nc-

0 961 1 964 =
60 949 97 991 que
109 936 159 976 haee
172 938 291 976 recitationis
302 939 351 976 ratio
367 938 491 990 aScripturis
502 937 582 988 prorsus
595 937 657 978 aliena
670 940 707 978 est,
734 930 805 986 Psalmi

59 1004 82 1044 ad
96 1004 222 1053 instrumenta
236 1004 309 1044 nursica
323 1004 450 1053 canebantur3
464 1002 571 1059 prophetae
585 1004 664 1057 primum
674 1005 698 1047 ad
707 1004 805 1058 cytharam

60 1072 159 1111 ediderant
177 1070 252 1123 eloquia
267 1084 309 1111 sua.
335 1070 390 1111 Inest
406 1073 462 1111 otiam
476 1070 572 1111 historicis
586 1072 640 1112 libris
655 1074 726 1114 musica
742 1086 805 1125 quae-

60 1139 112 1188 dam,
134 1136 233 1187 rhythmus
252 1140 272 1176 et
289 1149 388 1188 blitherus,
413 1140 470 1189 atque
489 1148 544 1189 quam
558 1139 616 1189 aptae
632 1140 670 1178 sint
684 1140 805 1179 narrationes

0 1196 2 1206 ²
59 1204 211 1253 lluangeliorum
234 1205 254 1242 et
271 1202 364 1243 Actorum
387 1203 412 1241 ad
429 1203 560 1243 recitationem
578 1215 677 1255 canoram,
704 1206 736 1245 rel
755 1207 804 1244 satis

60 1271 128 1321 cuique
147 1281 174 1308 ex
192 1270 263 1308 aurium
281 1271 407 1321 perceptione
425 1270 526 1321 probatum
549 1271 587 1308 est.
617 1264 804 1322 Christatycautum

59 1335 211 1377 ecclesiasticum
230 1348 256 1375 ex
271 1335 349 1376 Oriente
365 1336 467 1376 aduectum
486 1347 538 1375 esse.
567 1334 654 1375 Armenii
666 1349 754 1390 quoque,
774 1337 806 1389 qui

59 1414 112 1441 sace.
130 1400 154 1440 V.
168 1402 245 1442 ineunte
264 1402 385 1455 alphabetum
400 1404 516 1454 formarunt,
531 1402 598 1441 eodem
612 1403 698 1455 tempore
712 1406 805 1445 accentus

59 1481 106 1508 suos
121 1468 222 1519 accepisse
236 1470 336 1521 uidentur,
355 1471 379 1508 de
394 1471 462 1522 quibus
477 1468 611 1510 Sehroedcrus
625 1467 697 1521 (Thes.
712 1483 733 1521 p.
747 1469 804 1523 246.)

59 1534 197 1584 conferendus,
221 1535 253 1586 qui
272 1536 330 1585 signa
350 1536 448 1575 musicalia
469 1534 500 1575 uel
520 1546 577 1585 supra
596 1534 665 1574 lineam
680 1535 714 1575 uel
729 1536 748 1574 in
761 1537 805 1588 ipsa

44 1590 109 1640 ‘linea
129 1600 205 1651 hymnis
223 1602 417 1652 apposita'indieare
435 1603 462 1642 ait
479 1603 517 1641 tum
535 1601 639 1640 intervalla
657 1604 696 1641 tum
717 1614 805 1642 serrorum

59 1679 165 1707 mensuram
184 1668 204 1706 et
222 1678 305 1718 pausas,
327 1669 383 1708 iuxta
404 1680 453 1720 quae
466 1667 531 1717 hymni
545 1667 596 1706 sacri
610 1665 654 1718 [er.
669 1680 686 1707 c.
702 1667 745 1707 Oda
758 1668 805 1707 illo-

59 1723 88 1772 sis
102 1733 141 1771 lix.
157 1729 213 1784 XV.)
226 1734 263 1772 rite
280 1733 410 1773 decantentur.
437 1733 488 1772 Sunt
501 1744 579 1771 numero
591 1733 682 1772 sedecim.
711 1733 805 1773 lnGrae-
865 1745 870 1751 ²

60 1800 87 1839 cis
110 1810 187 1852 quoquc
211 1799 267 1839 codd.
291 1800 427 1840 cantillationis
446 1801 504 1849 sigua
523 1800 644 1850 reperiuntur
663 1797 805 1851 [Monttaucom

59 1867 165 1916 Palaeogr.
179 1864 250 1918 229..)
277 1865 308 1904 De
327 1866 440 1906 ludaeorum
461 1865 556 1906 cantilena
573 1866 592 1904 in
606 1867 719 1928 synagogis
734 1868 806 1916 usitata

59 1933 105 1972 vido
118 1931 235 1984 Hupieldum
249 1932 306 1972 Stud.
319 1945 337 1973 u.
351 1932 402 1972 Krit.
417 1930 477 1972 1337.
491 1943 511 1982 p.
524 1929 572 1971 863.

124 2032 172 2071 Erat
192 2033 256 2071 tamen
273 2033 362 2072 recitatio
376 2018 470 2082 Syrorum
488 2029 585 2070 rhetorica
599 2024 662 2080 magis
678 2030 805 2083 quamplaue

60 2100 141 2150 musica,
164 2099 184 2137 id
203 2099 254 2150 quod
274 2100 429 2150 rrraxime'patet
447 2109 473 2135 ex
491 2097 514 2134 iis
530 2096 653 2147 accentibus,
671 2096 703 2149 qui
717 2095 806 2135 affectum

11 2194 13 2200 ,
60 2166 152 2216 quendam
171 2160 267 2217 indicant,
286 2176 323 2217 quo
336 2164 431 2204 sententia
445 2162 479 2202 uel
493 2161 573 2200 verbum
589 2162 665 2215 aliquod
678 2162 807 2215 pronuntiau-

19 2243 21 2248 ’
60 2230 102 2269 dum
118 2233 151 2272 sit.
179 2231 291 2285 Ubicunque
306 2232 355 2270 enim
370 2230 444 2287 inesset
458 2229 566 2269 sententiae
581 2228 691 2270 lamentatio
706 2228 807 2281 quaedam,

60 2309 138 2360 quarela
146 2307 222 2359 flebilis,
232 2309 258 2347 ibi
265 2311 356 2365 accentus
364 2309 439 2361 positus
449 2297 554 2354 122:OE
568 2317 600 2345 ex.
613 2318 645 2356 gr.
658 2306 697 2346 ler.
710 2304 750 2356 lv,
765 2303 806 2355 39,

60 2385 121 2424 forma
145 2385 211 2424 similis
231 2384 338 2434 Tachtoio;
361 2385 435 2437 verbo,
461 2384 511 2438 quod
534 2384 565 2423 est
583 2371 806 2433 rnandantis‚³irrberrtis

60 2461 135 2502 additur
148 2452 215 2511 taoni)
235 2461 274 2515 (is,
295 2463 327 2515 qui
340 2461 417 2502 mandat
437 2474 469 2501 ex.
488 2474 505 2501 c.
517 2444 562 2521 hb)
582 2460 614 2513 qui
629 2460 678 2500 idem
699 2454 807 2510 adhibetur,

60 2538 92 2577 ubi
106 2551 139 2578 res
155 2540 223 2579 variae
238 2543 258 2581 et
273 2540 372 2580 abscissae
387 2552 428 2579 cum
443 2539 511 2579 allecto
526 2539 659 2577 enumerantur
673 2550 704 2578 ex.
720 2550 737 2578 e.
749 2538 806 2577 Rom.

60 2602 79 2654 l,
94 2603 127 2644 30.
156 2605 213 2659 Quod
224 2607 305 2647 verboru
320 2606 416 2658 stupentis
431 2607 473 2656 est,
494 2604 613 2655 admirantis,
630 2594 750 2643 dehortantis
765 2615 806 2643 oum

61 2672 204 2734 indignatione,
222 2683 241 2722 id
260 2683 342 2723 allicitur
363 2674 444 2723 accentu
456 2665 529 2729 simol
543 2661 577 2743 (th
592 2679 610 2718 is
625 2681 656 2732 qui
670 2681 752 2732 retinet,
770 2692 806 2719 co*

60 2761 131 2818 hibet).
160 2766 181 2807 lu
190 2753 270 2808 formula
281 2769 399 2820 precationis
407 2769 470 2810 locum
478 2757 549 2809 habent
557 2748 666 2841 ὶώδὲ)
672 2770 692 2809 et
701 2757 812 2817 imam
