1786 3062
746 146 786 191 139

35 260 56 300 et
69 269 157 299 severam
171 259 225 301 vitae
237 259 355 313 disciplinam
369 262 508 304 restaurarunt.
536 260 673 303 Monasterinrn
687 260 753 302 lacohi
766 262 786 301 in

33 325 153 368 lieth-'Ate
167 327 211 380 plus
222 329 433 378 trecentosmonachos
448 330 522 370 hahuit.
549 328 786 383 Eodemtemporelllar-

34 393 90 434 Alias
103 394 260 436 Nestorianorum
274 397 384 449 patriarcha
396 399 460 439 iactus
472 396 611 452 (tamtan)
626 399 690 439 vetnit
701 409 726 437 ne
740 398 786 451 epi-

35 474 107 513 scopus
123 462 181 502 heret
199 464 231 515 qui
250 477 329 505 uxorem
349 467 446 505 duxisset.
465 463 546 504 >Clerici
566 465 586 502 in
603 466 724 504 monasteriis
737 477 785 505 eru-

35 528 135 569 diebantur
153 529 171 568 in
185 530 226 570 ritu
237 530 370 573 ecclesiastico
385 534 405 572 et
419 532 490 575 litteris
502 531 570 570 sacris
598 530 658 569 lirant
671 532 727 570 etiarn
741 544 785 571 mo-

34 593 100 646 nachi,
122 595 155 647 qui
171 596 250 649 proprie
269 600 289 638 et
307 611 333 638 cx
348 599 411 639 oiiicio
425 599 496 638 litteris
510 600 611 637 vacarent.
638 596 673 637 Sic
685 596 786 637 lesuiahus

34 659 129 702 Arnurnita
145 662 164 701 in
178 664 253 715 synodo
269 676 287 703 a.
304 663 350 706 Chr.
364 663 405 706 588
419 664 485 704 hahita
500 675 543 716 can.
557 661 577 703 8.
594 661 618 702 de
632 662 730 705 inonachis
742 666 787 704 sta-

36 729 83 778 tuit,
107 729 128 768 ut
145 730 162 769 si
180 732 223 783 quis
241 731 312 772 litteris
325 744 397 772 vacare
411 732 495 771 voluerit
510 732 543 770 ant
556 730 661 771 studiorum
676 743 735 771 carisa
748 732 787 771 iter
820 721 822 723 V

36 796 156 848 susceperit,
177 796 254 837 litteras
274 796 306 836 ille
325 798 412 850 episcopi
426 810 489 839 secum
505 796 580 836 deierat
591 798 690 850 artemque
704 798 787 852 aliquam
832 851 837 856 1

35 861 169 916 (medicinam,
189 863 326 902 arithmeticam
345 862 393 916 etc.)
409 866 509 904 exerceat.
536 863 620 902 Saeculo
635 876 685 904 nono
700 867 787 916 queritur

35 930 193 971 Nestorianorum
217 921 366 982 patriarclra¹],
389 929 439 981 quod
464 941 520 981 quum
543 929 664 967 monasteria
679 932 787 982 visitasset,

36 996 142 1048 collapsam
155 995 263 1049 reperisset
272 981 389 1046 disciplinam
397 1006 459 1048 neque
467 996 509 1034 iere
518 995 575 1033 ullum
584 993 667 1034 uidisset
674 995 787 1038 ‹inonachnm

36 1062 129 1102 eruditum
148 1063 168 1102 et
183 1061 288 1101 litteratum
294 1074 301 1108 3
324 1060 359 1099 sed
376 1072 439 1115 neque
458 1061 491 1101 illo
513 1062 600 1113 ternpore
614 1062 691 1114 antiqua
706 1063 787 1103 eruditio

36 1142 118 1182 prorsus
135 1129 154 1168 in
168 1127 288 1167 monasteriis
305 1128 401 1167 exstincta
416 1131 448 1169 est
463 1130 483 1168 et
499 1129 651 1181 quotiescunque
666 1129 689 1168 ad
704 1140 787 1169 canones
821 1163 823 1166 .

36 1196 155 1248 regulasque
178 1195 265 1234 veterum
285 1187 387 1247 disciplina
409 1197 503 1235 revocata
517 1197 559 1247 est,
584 1195 665 1235 mraxime
683 1195 788 1236 Bihliornnr

35 1263 99 1323 studia
114 1261 244 1302 cornmendata
257 1263 308 1301 sunt.
706 1267 712 1275 ’

101 1330 187 1385 Queat
168 1342 177 1367 s
179 1328 272 1370 tudiornm
288 1328 319 1368 Ιίιι
303 1331 441 1382 terarumque
446 1330 496 1369 ratio
511 1328 577 1380 viguit
592 1329 643 1380 apud
652 1296 787 1382 Nestorianos,
849 1377 853 1381 K

37 1397 104 1436 eadem
114 1396 287 1437 lacohiiarumt
251 1382 294 1435 tuit.
325 1394 442 1436 Christiaui'
437 1409 455 1434 nr
464 1395 545 1435 Perside
554 1396 596 1435 fere
606 1407 671 1435 ornnes
681 1397 736 1436 eraut
743 1395 788 1436 Ne-

30 1449 33 1453 *
37 1465 125 1515 storiani,
138 1475 217 1516 quorum
227 1465 261 1515 pat
253 1461 335 1504 triarcha
343 1462 429 1514 primum,
441 1463 530 1514 utsupra
540 1462 628 1512 diximus,
635 1461 745 1514 Seleuciae,
754 1463 788 1513 de-

36 1531 80 1570 iude
94 1528 183 1579 Bagdadi
198 1529 268 1568 sedens
282 1530 341 1568 totum
354 1528 451 1569 Orientem
465 1529 501 1568 sihi
512 1528 620 1569 subiectum
635 1529 701 1569 tenuit.
729 1529 790 1570 Erant

37 1598 93 1637 etiam
101 1595 212 1637 Nestoriani
219 1596 296 1649 plnrirni
306 1597 325 1635 in
331 1595 433 1646 Arinenia,
448 1607 509 1648 aeque
518 1595 571 1634 multi
580 1595 599 1634 in
609 1594 679 1647 Syria,
694 1594 727 1635 uhi
740 1607 789 1636 nunc

36 1678 91 1704 unam
108 1665 181 1704 tantum
199 1663 303 1705 ecclesiam
320 1662 393 1703 hahent
410 1661 563 1714 Hierosolymis3
587 1662 606 1702 in
625 1661 692 1715 Cypro
712 1674 789 1717 qnoque

36 1730 148 1771 Nestoriani
161 1729 295 1770 consederunt.
322 1729 343 1769 ln
358 1728 500 1781 lilesopotanria
516 1731 536 1769 et
549 1726 651 1769 Adiabene
665 1729 721 1770 mixti
734 1731 790 1773 erant

38 1811 78 1839 eum
98 1797 202 1848 locabitis,
220 1798 251 1850 qui
270 1798 365 1838 ecclesias
378 1798 398 1837 et
411 1797 527 1836 monasteria
540 1795 620 1848 plurima
633 1795 721 1835 Edessae
736 1799 756 1837 et
769 1798 789 1838 in

37 1863 120 1914 regione
133 1862 225 1916 llnphrta
220 1876 236 1902 rs
254 1864 371 1915 imbuerunt,
390 1864 408 1903 in
423 1862 513 1915 Syria'
496 1864 522 1904 crt
524 1862 581 1902 eriori
595 1873 673 1901 nrrraero
688 1863 709 1902 et
723 1863 790 1914 digni-

37 1931 78 1974 tate
59 1929 219 1970 tNestorianos
234 1929 311 1970 rmrltum
327 1930 451 1982 superabant.
476 1929 583 1970 Solent
575 1926 745 1970 tNestorianiet
756 1930 790 1970 Ia-

38 1997 114 2038 eohitae
135 1996 223 2047 tempora
243 1997 359 2048 consignare
375 1996 478 2039 seeundum
491 1995 612 2048 patriarchas
626 2000 685 2047 snos,
705 1997 727 2036 ut
740 2008 790 2048 pas·

37 2064 72 2105 sim
90 2062 159 2104 ridere
176 2062 223 2105 licet
235 2064 299 2104 etiam
317 2064 336 2103 in
354 2063 468 2115 epigraphis
487 2059 615 2116 rodrc111n2)..
642 2061 684 2116 Quo
701 2063 790 2116 ternpore

37 2171 171 2180 ...-...-—...

105 2248 124 2294 1)
135 2249 238 2284 Sabariesns
248 2249 273 2294 (i
283 2250 326 2295 836)
339 2251 408 2286 sertin:
421 2250 499 2293 „Omnia
507 2251 524 2284 in
531 2249 653 2284 hramaeornm
661 2250 712 2284 terris
721 2250 792 2285 castella
814 2250 816 2262 ²

39 2314 128 2349 pagosque
144 2304 198 2339 doctis
215 2305 282 2340 clericis
293 2307 371 2351 indigere
381 2307 471 2351 perspexi,
488 2305 531 2339 arico
543 2306 591 2338 utin
602 2303 661 2337 sclicla
673 2315 741 2350 qrroqrre
752 2304 792 2341 Mar

39 2359 129 2394 Theodori
146 2363 163 2394 at
177 2361 195 2393 in
211 2360 266 2393 altera
281 2359 321 2394 hlnr
336 2361 391 2395 hlaris
408 2364 459 2407 atque
474 2362 492 2394 in
504 2361 539 2393 ista
550 2359 635 2394 hlabozae
646 2363 716 2406 praeter
727 2361 793 2407 aliquot

39 2426 99 2458 senes,
120 2417 150 2460 qui
165 2423 186 2448 er
196 2418 245 2448 tanta
261 2414 349 2450 doctorum
365 2415 450 2450 lromtnum
466 2418 516 2461 eopia
527 2417 579 2461 pauci
589 2413 717 2458 remanserunt,
733 2426 755 2451 er
766 2418 792 2450 iu-

40 2470 118 2505 nioribus
129 2470 193 2504 nnllnm
205 2470 298 2505 litteratum
311 2472 387 2515 reperire
399 2471 513 2517 contigerii.“

106 2534 127 2579 2)
142 2532 222 2580 Catalogi
237 2534 375 2570 Patriarcharum
395 2535 440 2582 apud
456 2534 567 2570 hssenrannm
583 2537 700 2580 reperiuntur.
726 2534 794 2570 Hohent
830 2542 850 2573 J

40 2588 174 2635 hlonophpsiiae
190 2592 240 2624 etiam
256 2588 397 2634 Maphrianornm
414 2600 482 2626 surorum
498 2592 516 2624 in
529 2589 598 2624 Oriente
611 2591 734 2625 collocatorum
746 2594 793 2625 cata-

40 2644 109 2688 logum,
129 2655 179 2690 qrrem
195 2646 255 2690 incipit
270 2643 423 2689 Bar-Hebraeus,
439 2648 477 2690 ipse
492 2654 523 2679 sno
539 2648 616 2690 tempore
628 2645 743 2681 lacohitarnm
752 2645 793 2680 lila-
858 2670 859 2674 ,

40 2697 133 2741 phraanus,
151 2699 175 2733 „ah
189 2698 294 2743 Achucleme,
316 2712 364 2746 quem
376 2702 448 2735 lacobus
460 2700 536 2733 Baradai
550 2702 676 2745 metropolitam
692 2701 794 2745 praefecerit

40 2750 85 2793 (rid.
100 2755 167 2795 supra)-
189 2753 223 2788 los.
235 2753 294 2798 Alops.
315 2756 418 2791 Assernanos
434 2755 531 2791 hier-othon
546 2755 742 2799 primumlncobitarum
754 2754 793 2788 Ma-

41 2805 130 2851 phriannm
147 2810 224 2842 statuere
245 2808 291 2849 nult,
314 2811 343 2853 qui
364 2811 383 2845 in
401 2810 444 2846 urhe
461 2810 535 2855 Tagum
551 2809 609 2845 sedem
625 2810 736 2854 primatialem
751 2808 793 2843 lixit.
