1786 3062
773 257 800 299 23

47 372 100 411 citati
117 370 245 423 et-voritati,
267 379 323 419 quam
341 368 432 407 cenomani
446 369 670 420 genarum-commorere,
691 368 797 420 auraem-

46 436 119 477 snam
141 435 254 488 cruorisque
280 433 374 486 moronus,
404 436 457 475 oreae
481 436 563 487 uanoque
585 435 676 486 languori
694 437 715 476 et
732 434 797 475 oeno

46 504 138 543 servierit
149 500 184 554 ¹).¹
784 536 786 539 ,

0 569 4 622 ᾗ
111 568 174 622 Qume
192 568 269 607 madium
289 567 345 607 abest
364 566 507 617 redoleamus,
532 567 584 619 qnod
601 576 638 607 una
654 572 697 608 enm
714 569 795 621 imperio

46 637 148 675 Persarum
166 635 234 686 lingua
252 646 329 687 quoque
347 633 444 673 Auernaea
461 634 570 684 principatu
591 634 658 672 orbata
677 637 717 685 est,
740 647 795 687 qrrcm

47 694 95 741 satis
116 701 147 740 diu
170 703 189 741 iri
209 702 286 741 Oriente
304 701 425 749 obtinuerat,
446 700 467 736 ul
485 699 578 738 laetenmr
595 701 661 750 potius
681 700 705 740 ob
724 702 795 740 invee-
850 723 852 727 ι

47 772 84 808 lam
98 769 129 807 ¹iu
150 768 217 807 Asiam
244 768 329 817 linguam
356 766 461 814 Graecam,
489 773 527 818 ‘quo
554 767 625 805 factum
648 767 690 817 est,
719 768 740 805 ul
759 766 796 806 hae

9 879 12 885 Α
46 835 114 883 lingua
131 836 151 873 et
164 832 256 885 Apostoli
273 832 338 869 diviua
358 830 436 882 eloquia
450 823 569 881 scripserint
598 832 679 871 Primum
694 835 756 873 autem
772 833 795 873 de

48 899 192 940 Seleucidarum
210 900 273 945 regno
292 897 347 934 nobis
366 895 498 936 disserendum
515 900 547 936 est
560 900 581 937 et
593 898 672 947 linguae
686 897 796 939 Arauraea'e

0 965 6 984 ‘²
47 962 65 1004 in
84 964 117 1003 illo
139 974 175 1009 usu
195 965 215 1000 et
233 962 285 999 iotis.
317 960 441 1000 Arctioribus
459 962 538 1013 primum
556 962 624 1002 finibus
641 959 693 1008 illud
708 965 795 1004 coaeum

0 1059 2 1061 -
47 1042 92 1069 ruox
108 1030 208 1079 tantopere
224 1027 299 1065 arictum
315 1028 357 1077 cst,
377 1029 399 1078 ut
412 1025 471 1068 tolum
482 1026 530 1067 -iere
543 1029 646 1068 Persarum
657 1019 743 1079 regnum
757 1028 795 1068 illis

3 1101 4 1104 ’
47 1096 143 1145 obtigisse
161 1094 257 1133 videatur.
289 1092 348 1132 Nova
361 1092 404 1132 inde
420 1093 543 1145 luxsyrrao
559 1095 713 1164 quasifflnlsit,
735 1105 795 1147 qrraro

45 1164 67 1201 ut
85 1164 141 1200 antea
161 1158 301 1199 (liraldaeorum
320 1171 365 1198 aera
385 1162 461 1212 viguit,
485 1173 512 1200 ex
531 1161 564 1201 illo
585 1163 672 1213 tempore
689 1161 714 1200 ad
732 1166 795 1200 aeram

0 1229 1 1232 ’
43 1214 190 1268 'Soranorum-ou
210 1236 270 1263 anuos
289 1226 393 1275 computari
412 1225 540 1280 ‘coeptum²].
568 1228 639 1280 Utique
658 1239 709 1266 nova
723 1227 744 1266 et
758 1226 796 1265 alia

45 1305 107 1332 rerum
130 1292 210 1330 omnium
230 1291 291 1330 forma
312 1292 407 1342 apparuit.
442 1292 559 1333 Occiderant
578 1295 599 1332 et
616 1292 666 1331 hmui
685 1293 796 1345 prostratae

45 1358 140 1409 lugebant
158 1356 294 1397 Aramaeorum
318 1359 404 1397 veterum
427 1360 485 1399 sedes
504 1361 585 1410 regiae,
608 1368 656 1411 quas
674 1360 796 1410 exceperunt

46 1424 137 1466 Seleucia
158 1425 178 1462 et
195 1422 297 1462 Antiochia
317 1423 391 1476 aliaque
409 1426 479 1477 oppida
497 1426 567 1476 multa,
591 1424 672 1465 Graecis
688 1424 806 1464 nominibus.

48 1493 68 1530 et
84 1490 177 1539 insignita
196 1491 216 1527 et
232 1488 343 1529 aGraeois
363 1490 435 1529 colonis
454 1491 537 1531 condita.
565 1476 710 1546 Sirrrulartes,
733 1489 801 1531 disci-.

47 1558 110 1610 plinae
129 1559 148 1596 et
162 1556 240 1596 litterae
253 1555 277 1595 ad
294 1556 411 1596 Graecorum
426 1564 510 1596 normam
524 1548 615 1598 excultae
629 1559 685 1603 sunt3
705 1557 795 1596 Graeco-

47 1623 190 1673 rum'theatra,
209 1622 259 1672 ludi,
274 1629 353 1672 mores,
371 1622 440 1672 lingua
455 1623 526 1674 ubique
540 1635 563 1662 se
578 1624 729 1662 insinuaverunt.
753 1613 796 1662 lia-

46 1697 79 1728 rus
90 1687 189 1727 admodum
204 1688 294 1727 librorum
306 1700 354 1726 usus
366 1690 430 1728 fuerat
441 1689 491 1739 apud
502 1688 611 1730 orientales
621 1691 719 1742 antiquos3
735 1688 797 1729 Glal-

47 1747 143 1794 dae'orum
156 1755 204 1794 enim
223 1754 261 1793 viri
279 1754 330 1794 docti
345 1756 365 1794 et
380 1756 480 1806 sapientes
499 1755 538 1794 cris
546 1756 615 1806 ‘inagis
629 1756 731 1795 traditione
744 1755 798 1795 arle's

50 1823 69 1861 et
88 1820 178 1860 scientias
199 1821 336 1870 propagabant
342 1834 348 1867 ς
371 1822 443 1859 tantum
461 1821 480 1859 in
499 1821 598 1860 tabellariis
617 1818 679 1870 regiis
698 1820 798 1872 histeriae,

49 1888 111 1927 series
129 1885 260 1935 dynastiarum
282 1888 302 1924 et
320 1885 406 1935 catalogi
425 1886 538 1938 populorum
553 1887 609 1926 brevi
623 1886 676 1936 stylo
691 1888 798 1937 ‘europens-

50 1955 131 2003 bautur;
154 1951 198 1991 libri
219 1952 270 1991 sacri
289 1950 338 1990 solis
357 1952 478 1992 sacerdotum
497 1953 582 1993 manibus
602 1944 798 2004 terebanturaeque,

48 2023 65 2059 si
78 2022 97 2058 iu
113 2020 167 2068 soro,
186 2020 205 2056 in
219 2020 262 2057 viia
276 2019 380 2069 eornuruni,
400 2020 419 2058 in
434 2021 547 2059 eerrnnereio
562 2011 671 2073 regum³J,
685 2014 799 2071 populorum
820 2068 824 2069 ⁷
848 2071 850 2075 ι

49 2088 70 2126 et
93 2086 213 2136 privatorum
236 2083 329 2123 hominum
350 2085 470 2137 frequentior
489 2087 531 2125 erat
547 2085 654 2125 litterarum
671 2077 730 2136 risus,
751 2083 799 2122 lraee

50 2153 112 2192 crrrnia
125 2162 163 2190 nen
177 2151 195 2189 iu
209 2156 263 2189 usum
279 2152 299 2189 et
311 2152 418 2190 irrerrrerianr
432 2152 553 2202 posteritatis
565 2151 662 2190 servanda
677 2150 826 2189 videbantur.-

48 2219 117 2258 Fuisse
137 2216 212 2270 quidem
228 2215 366 2256 Aramaeorum
383 2218 469 2267 scripta,
484 2216 608 2256 nullomodo
628 2215 711 2256 dubitari
731 2217 800 2267 petest

118 2402 136 2446 1)
150 2400 216 2436 Ctesias
228 2399 273 2434 lihro
285 2397 393 2434 Persicorum
404 2398 434 2434 lll.
446 2397 516 2442 scribit,
530 2406 588 2435 onnes
601 2401 677 2445 quidem,
689 2403 773 2445 qrrotquot
782 2401 801 2433 in

50 2457 91 2495 Asia
114 2458 212 2502 regrmrint,
231 2455 279 2489 lurui
301 2458 318 2489 ei
333 2455 450 2499 voluptatibus
468 2455 534 2490 deditos
550 2456 613 2496 luisse,
635 2454 665 2489 sed
681 2464 723 2498 prae
739 2456 801 2488 ueteris

51 2513 122 2558 Ninpam
133 2511 187 2556 (apud
197 2509 258 2544 Allien.
268 2508 328 2553 Deipn.
341 2510 353 2545 l.
364 2509 411 2554 llll).
677 2559 679 2562 v
797 2515 800 2521 s

115 2588 134 2631 2)
145 2586 208 2621 olerum
219 2584 355 2625 Seleucidarum,
370 2584 422 2627 vulgo
436 2581 538 2618 Graecorum
551 2581 621 2622 dieram,
638 2570 678 2627 Syri
688 2584 739 2617 etiarn
752 2581 801 2616 chrr-

51 2643 102 2676 stram
116 2644 215 2686 sequundum
242 2638 302 2681 Incipit
319 2636 335 2671 d.
351 2636 397 2672 Lm.
412 2636 449 2673 cot.
460 2642 493 2674 312
505 2647 521 2671 a.
533 2635 573 2672 Cirr.
595 2634 747 2671 Alliulrornelanis
759 2640 802 2671 scri-

50 2707 128 2751 ploribus
143 2713 264 2749 nonnunquam
273 2706 389 2747 nuncupatur
401 2684 500 2771 ,5353stss
506 2696 545 2765 9&
564 2685 646 2775 ἓυύὶῖ
659 2702 725 2748 epocha
742 2702 801 2736 Cerni.

50 2774 98 2814 geri,
114 2782 147 2817 quo
161 2773 229 2805 nomine
241 2768 322 2803 alluditur
335 2767 357 2800 ad
367 2766 444 2800 Danielis
456 2768 544 2802 visionem.

117 2837 138 2877 3)
154 2834 231 2870 Naaman
246 2833 298 2879 Syrus
314 2832 375 2866 litteris
394 2831 543 2866 commendabatur
558 2834 622 2878 araga
634 2828 665 2881 sile
676 2835 715 2878 regi
727 2832 802 2868 israelis,

13 2892 16 2895 ’
51 2888 70 2923 ld
83 2892 154 2934 primum
165 2892 184 2925 ln
195 2889 256 2925 nihilis
268 2888 363 2923 litterarum
374 2885 482 2931 syriacorum
494 2881 592 2935 erenrplunr.
