1786 3062
768 131 808 201 ica

62 285 87 312 ex
99 269 146 321 gula
159 270 257 321 protusunr
269 267 295 324 Ι).
321 269 428 313 Hebraeum
443 269 488 314 abusu
503 268 571 325 [etiam
585 280 619 314 aaa
630 271 673 324 trba¹
686 271 767 327 dictum)
783 287 806 321 os

61 339 148 390 plenum,
168 335 225 376 altius
238 339 324 388 apertum
340 340 371 376 est
384 336 420 391 [cl.
435 338 530 391 llupi‘eld,
548 338 603 379 lnehr.
619 340 720 396 Grannum).

87 408 90 412 ’
125 412 180 453 Satis
194 412 262 465 cuique
276 415 303 455 ita
317 415 438 468 perspicuum
453 416 494 466 est,
516 416 611 469 quomode
625 418 724 473 punctatim
738 416 805 470 Syru-

60 494 101 519 rum
120 481 264 520 accuratissima
282 485 323 521 orta
337 484 363 520 stt
377 484 403 519 cx
418 484 488 532 puncta
508 481 619 533 diacritico,
638 484 692 535 quod
705 484 806 526 Gramma-

69 547 93 585 ici
114 547 191 596 primum
209 548 242 586 vcl
259 561 318 600 supra
340 547 372 586 uel
390 547 439 584 iulia
457 547 536 585 formam
550 541 631 600 aliquam
645 549 754 600 ambiguam
767 535 806 603 po-

61 607 186 665 sociarunt
200 616 327 666 pronuntiatio
344 615 375 654 nel
389 608 464 665 plenior
475 616 495 654 et
509 614 578 654 tortior
592 614 626 654 vel
634 615 710 668 leuior,
723 619 806 670 tenuior,

60 680 275 720 lucilior'indiearetur.
302 682 330 719 llo
347 680 416 718 deiude
435 681 537 731 progressi
553 683 608 732 suut,
629 680 651 721 ut
668 684 807 732 grarnuraticac

60 747 133 786 lanruac
148 748 223 787 ratione
238 759 274 786 uon
288 746 353 787 hahita
369 748 412 798 ipsa
427 748 556 798 pronuntiatio
569 749 614 788 sinc
628 749 725 788 vocalium
737 746 807 790 varie-

8 806 17 852 :¹
61 815 91 852 tas
105 815 181 865 punctis
193 813 345 863 significaretur,
366 814 394 852 ita
408 816 430 851 ut
443 813 501 863 plane
514 812 634 864 plronetic'am
645 816 738 855 rationem
753 829 805 868 puu-

62 881 94 919 cta
116 882 250 931 sequerentur.
282 877 323 918 Sed
341 879 397 918 ctiam
419 878 438 916 iu
456 879 605 919 consonantibus
623 880 717 921 ncuruullis
736 884 807 924 distin-

61 945 138 994 guenda
157 947 199 983 erat
216 945 344 994 pronuntiatio
356 944 433 981 ¹fortior
450 947 471 982 et
484 945 548 984 durior
562 945 667 984 anrolliuri
681 947 701 984 et
713 948 807 996 tenuiori;

62 1232 159 1277 codicibus
178 1232 241 1275 incultis
259 1232 340 1271 unanima
358 1244 404 1277 cura
424 1234 443 1272 ct
462 1230 563 1282 diligentia
580 1235 652 1286 puncta
667 1233 717 1280 llaec
731 1235 808 1276 adscri-

62 1300 142 1350 lnuutur,
163 1299 213 1338 lnurud
231 1310 276 1341 rara
296 1298 361 1343 colore
376 1298 447 1350 rubro,
466 1300 488 1338 ut
501 1300 576 1339 facilius
592 1312 603 1345 a
616 1300 693 1352 punctis
707 1302 808 1349 vocalibus

61 1367 209 1416 distinguantum
242 1365 273 1410 De
292 1365 369 1416 punctis
382 1365 439 1404 llihni
459 1367 479 1405 et
496 1361 572 1405 lineolis
586 1365 706 1417 uieiragiuno
718 1369 809 1414 etlllar-

61 1434 143 1484 lnetouo,
166 1434 210 1477 ,item
232 1433 256 1471 ‹lc
279 1432 329 1471 linea
349 1432 458 1473 occultante
477 1445 514 1472 non
533 1433 588 1472 huius
606 1433 644 1473 loci
662 1436 705 1487 est,
730 1437 808 1483 uberius
849 1431 852 1438 ’

62 1501 157 1544 disserere
163 1514 169 1547 3
194 1501 265 1554 puueta
284 1498 340 1537 llibui
357 1500 492 1547 grarnnuaticas
507 1500 578 1542 lorinus
594 1500 726 1550 distinguuut3
744 1502 808 1543 lineae

61 1566 106 1608 illae
123 1566 147 1610 ad
166 1566 289 1610 consonantis
307 1564 387 1605 alicuius
405 1565 501 1611 diversam
518 1569 690 1619 pronuntiationem
705 1569 809 1620 pertinent.

61 1633 90 1673 lta
106 1634 164 1681 cnnrrris
183 1633 255 1676 denuum
269 1633 376 1683 scripturae
393 1631 509 1683 aunlriguitas
522 1633 580 1685 plane
595 1634 671 1680 sublata
687 1636 718 1680 est
733 1637 754 1675 et
766 1649 808 1675 uo-

62 1700 129 1739 calium
144 1700 239 1744 ruarietas
249 1710 286 1742 nou
300 1698 361 1736 miuus
377 1709 431 1749 quam
448 1699 522 1750 aliquot
536 1702 679 1741 corrsouautium
693 1703 808 1753 pronuntia-

124 1776 182 1804 uersa
196 1765 341 1806 accuratissime
356 1765 431 1815 prumtis
445 1767 517 1805 notata.
696 1756 697 1759 ¹

125 1852 164 1890 lam
179 1851 312 1891 transcurulum
327 1851 394 1890 estad
410 1854 539 1891 accentus.
566 1853 640 1892 Puncta
654 1851 730 1891 vocalia
744 1850 809 1902 aSy'-

63 1918 92 1971 ris
109 1930 171 1969 parva
192 1917 289 1968 dicunntur,
312 1919 403 1957 accentus
423 1918 494 1968 puncta
511 1918 593 1970 urnaiara,
612 1918 703 1970 llucuclr,
724 1917 810 1958 llusclrei
852 1969 854 1971 q

64 2118 171 2156 sententiae
189 2118 243 2157 linem
262 2118 340 2168 puncto
352 2116 462 2167 insigniunt.
491 2117 528 2156 Ubi
546 2119 609 2156 autem
622 2117 730 2157 sententiae
742 2117 810 2169 plures
862 2164 865 2167 s

64 2195 119 2222 uuam
136 2185 154 2223 in
169 2185 268 2235 periodum
283 2197 299 2222 s.
314 2184 427 2223 seutentiam
441 2184 530 2222 rrnaiorem
547 2183 669 2232 coalescunt,
682 2183 710 2220 ita
725 2184 812 2233 utura..

78 2382 121 2420 tiam
147 2384 208 2423 trihus
231 2384 338 2436 quuatuorve
357 2382 419 2432 siguis
439 2381 548 2432 disponunt.
582 2381 656 2421 Puncta
675 2381 724 2419 enim
742 2380 814 2420 aurunt

65 2447 116 2485 aliud
131 2446 232 2500 puuctum,
248 2449 300 2501 quud
315 2461 340 2487 ex
355 2447 432 2500 obliquo
449 2446 481 2487 nel
495 2439 675 2498 superscripserunt
689 2445 722 2484 vel
737 2458 813 2498 suppo-

65 2516 144 2554 suerunt
164 2514 226 2568 (κν,
248 2511 312 2567 ·.—];
336 2514 417 2567 denique
436 2514 473 2553 dure
492 2514 565 2564 puncta
582 2510 710 2552 adhibuerunt
727 2512 815 2565 aequalia

76 2591 82 2616 ι
110 2577 127 2632 J.
154 2581 184 2621 lta
198 2583 240 2620 urta
255 2584 299 2620 sunt
313 2571 487 2632 signaquattnor,
502 2591 551 2630 quae
564 2578 641 2617 radices
654 2579 815 2620 oniniumaccen-

131 2755 149 2799 1)
161 2755 208 2809 Elias
220 2758 281 2794 Lenta
297 2762 347 2795 iestis
364 2763 399 2803 est,
420 2753 499 2794 dectores
515 2758 649 2794 Tiberiadcnses
661 2757 724 2802 Karrea
739 2765 815 2801 proauu-

65 2807 118 2841 tiasse
130 2819 172 2845 suno
184 2814 241 2857 aliquo
253 2815 297 2847 inter
309 2823 320 2846 a
332 2818 348 2847 et
361 2824 370 2846 o
384 2815 449 2856 medio,
461 2815 516 2856 magis
528 2812 549 2845 ad
561 2824 571 2847 o
583 2813 680 2847 inclinante.

605 2867 655 2907 11*
