1786 3062
62 227 104 278 ptii.
131 224 173 266 Hos
191 225 210 264 iu
230 227 273 280 outo
288 227 365 268 'eleros
383 231 465 281 partitus
485 233 526 282 est,
546 232 567 269 nt
586 231 677 273 alacriter
694 234 715 274 et
734 232 812 273 assidue

62 293 153 333 narrarent
167 294 188 332 et
201 292 307 353 psallerent
320 295 363 335 Deo
378 291 451 339 lanrles.
477 296 529 338 Idem
544 297 673 350 Alexarulers
687 311 743 351 qurum
757 297 813 338 vro„
863 301 868 310 ‘

61 360 147 413 phimum
162 361 180 399 ei
199 362 291 402 coenobio
311 363 451 415 praefecisset,
475 365 566 416 Palmyra
585 366 643 416 atque
659 364 768 409 Antieelria,
779 367 813 405 lu-

42 480 44 483 7
62 428 129 467 stratis
146 426 329 482 Constantinopolim
348 442 370 470 se
384 430 460 483 recepit
473 430 537 483 ibique
551 431 667 470 monasterio
680 433 747 472 iterum
763 445 810 473 oon-

62 494 101 533 dito
115 506 126 533 e
141 495 202 534 tribus
215 498 323 537 nationibus
335 497 397 547 elegit
404 497 513 547 vernales,
532 496 631 545 Graecos,
647 495 721 547 Syros,
735 496 811 539 numero
853 494 855 496 ¹
879 542 881 550 ι

62 563 161 600 trecentos
175 562 287 616 nonomine,
302 564 333 616 qui
348 564 366 602 in
381 574 419 602 sex
432 561 501 603 eleros
515 562 611 602 distributi
625 561 721 601 assiduam
729 562 813 613 hymno-

61 627 110 667 utam
124 626 205 668 obirent.
405 627 406 631 ’

323 805 326 811 ⁸
386 827 443 870 (tur.
458 827 492 870 iv.
521 888 523 890 -

31 975 33 984 A
54 938 56 940 ’
91 923 185 967 Textus
202 923 275 966 saeui
291 922 372 988 foruna
387 922 412 964 iu
427 910 566 966 cortic-ibus
581 923 665 967 variis
681 926 787 970 ruraxime
820 944 821 947 ¹

326 998 549 1061 'Nestorianorum
661 990 663 992 ¹

129 1100 156 1140 nt
165 1099 187 1138 in
201 1098 285 1139 eeclesia
298 1099 383 1139 lterarana
399 1101 465 1140 textus
477 1100 574 1140 versionis
583 1100 678 1150 vulgatae
687 1114 722 1152 pre
732 1101 814 1143 anthen-

63 1166 102 1206 tlea
117 1166 218 1217 Scriptura
232 1165 309 1205 habitus
325 1163 366 1217 est,
384 1166 428 1205 item
443 1166 492 1218 apud
508 1165 635 1205 Nestorlanos
651 1168 717 1207 versio
731 1167 815 1219 Syriaca

52 1230 153 1284 ,Simplex
172 1231 198 1272 V.
217 1233 237 1272 et
252 1232 277 1272 N.
292 1232 322 1272 'll-f
331 1233 464 1274 anctoritatem
477 1234 534 1272 nauta
549 1234 580 1272 est
594 1233 690 1282 genuinae
705 1235 726 1273 et
739 1234 820 1285 indunt-s

63 1299 117 1338 tatae
135 1298 256 1351 Se'rlptnrae.
288 1297 355 1351 Atque
373 1311 410 1351 qno
428 1300 492 1348 retegis
510 1298 668 1337 Nestorianormu
686 1297 774 1340 haeresis
790 1302 814 1341 ab

64 1357 147 1404 eeclesia
167 1364 284 1421 occidentali
300 1364 388 1405 abscissa
402 1365 475 1417 proprii
489 1365 589 1414 regiminis
603 1365 665 1405 furna
675 1360 762 1406 'stabilita
776 1371 815 1421 est,

62 1430 182 1485 inbibltoque
201 1431 294 1483 Syrorum
314 1444 355 1471 eum
371 1430 451 1472 Graeeis
468 1431 581 1471 eonrmereio
601 1432 719 1474 eonsuetudo
735 1434 815 1484 linguae

64 1497 152 1538 eraeeae
178 1498 290 1539 abolescere
316 1498 392 1549 eoepit,
417 1510 440 1538 eo
464 1497 527 1547 nragis
546 1497 613 1536 versio
634 1496 717 1549 syr-aea
736 1501 815 1553 proprio
872 1498 876 1508 “

63 1563 128 1618 lllarte
141 1564 192 1616 aputl
205 1564 332 1604 Nestoriauos
347 1565 439 1603 constitit,
466 1565 539 1616 Neque
549 1564 596 1602 enim
612 1563 631 1602 iu
645 1562 725 1603 historia
741 1563 816 1606 nesto-

63 1630 158 1670 rianorum
175 1630 227 1683 qued
247 1631 305 1670 seiam
325 1632 441 1682 ournpertum
457 1632 501 1678 est,
522 1641 600 1681 operam
618 1629 697 1669 uenisse
709 1631 764 1671 viros
778 1627 816 1672 ‹lo-

64 1698 118 1748 etus,
136 1698 158 1737 ut
176 1698 251 1738 textum
265 1696 366 1749 Syriacum
385 1696 409 1738 N.
423 1696 447 1736 Τ.
467 1708 507 1737 eum
521 1695 596 1737 Graeco
610 1697 720 1737 conterrent
733 1697 753 1739 et
767 1694 816 1739 eon-

64 1764 179 1810 iormarent3
196 1774 259 1815 neque
279 1762 328 1802 aliae
342 1775 424 1815 unquam
437 1763 540 1802 versiones
555 1756 606 1813 apiul
620 1758 748 1803 Nestorianos
761 1776 816 1803 eoni-

62 1835 136 1869 nmnem
159 1829 178 1869 in
197 1842 251 1869 usum
271 1831 364 1881 receptae
384 1831 429 1870 sunt
445 1841 509 1882 neque
528 1829 603 1869 numine.
622 1829 726 1870 dubitatum
746 1831 777 1870 est
792 1830 817 1870 (le

64 1898 132 1936 textus
144 1896 220 1948 reoepti
234 1896 370 1948 probatissima
383 1897 449 1936 torma.
475 1894 546 1934 Versio
562 1895 651 1947 Simplex
666 1896 753 1937 maximis
766 1896 816 1936 etl'e-

64 1962 143 2002 rebatur
158 1962 258 2010 laudibns;
270 1961 378 2001 habebatur
393 1973 416 2001 ea
429 1962 472 2012 ipsa
488 1973 538 2013 quae
551 1962 616 2012 primis
634 1962 751 2018 temporibus
762 1969 815 2013 'ape-

64 2029 134 2069 stoliea
150 2030 266 2069 anctoritate
285 2028 358 2078 scripta
371 2028 408 2074 sit3
424 2027 532 2066 vocabatur
545 2039 582 2066 rien
597 2027 657 2066 selum
673 2029 761 2080 antiqua,
780 2028 817 2071 sert

65 2084 122 2136 saera
141 2097 161 2135 et
180 2095 244 2135 beata.
273 2092 346 2147 Quodsi
362 2104 410 2131 vero
424 2092 481 2133 durbia
494 2092 546 2133 nulla
559 2092 685 2133 movebantur
699 2092 723 2131 tle
737 2094 817 2133 versio·
842 2084 845 2093 ¹

65 2165 95 2203 nis
113 2162 211 2203 autlrentIa
229 2154 534 2213 interpretationisqueveritate
553 2161 573 2200 et
590 2156 715 2212 integritate,
735 2159 818 2212 euplus

66 2230 200 2270 conferebatur
216 2227 275 2267 studii
293 2229 314 2267 et
330 2239 402 2279 operae
417 2229 436 2266 in
450 2229 525 2267 textum
538 2227 636 2266 versionis
648 2226 671 2265 ab
684 2226 733 2265 enini
747 2228 819 2266 erroris

5 2290 8 2296 '
67 2298 88 2337 et
108 2297 212 2337 varietatis
235 2295 280 2335 lube
299 2306 365 2347 pnmrm
386 2295 406 2334 et
425 2295 523 2334 innumnem
544 2293 704 2335 conservandum
732 2288 819 2333 Vltimus

68 2375 138 2417 supra,
159 2360 235 2405 earliees
251 2362 393 2414 antiquissimos
407 2361 449 2400 fere
463 2349 528 2400 ornnes
541 2361 584 2401 sola
596 2359 825 2410 Evangeliaexlribere':

67 2427 127 2482 lrlque
148 2443 174 2471 ex
186 2430 267 2470 historia
281 2430 325 2481 ipsa
341 2430 361 2468 ut
376 2428 449 2467 omnino
463 2427 559 2467 ecelesiae
576 2428 677 2481 antiquae,
697 2426 724 2466 ita
738 2427 819 2467 niaxime

67 2494 226 2537 Nestorianornm
249 2496 353 2549 probatur,
376 2494 487 2544 Evangelia
506 2495 569 2543 relegis
588 2494 607 2532 iu
631 2504 667 2532 usu
685 2493 747 2531 tuisse
764 2504 820 2544 qnam

67 2558 167 2618 Epistulas
186 2564 206 2603 et
223 2563 286 2604 loeum
307 2562 385 2615 primum
405 2561 511 2601 obtinuisse
530 2561 549 2599 in
569 2559 703 2600 eeclesiastico
722 2559 760 2598 ritu
777 2572 820 2600 our·

67 2627 155 2680 ninnrque
175 2630 307 2670 veneratione.
335 2622 477 2670 Soribehantur
493 2626 604 2676 Evangelia
622 2626 641 2664 in
658 2637 715 2663 unum
729 2625 820 2664 volumen

67 2702 139 2732 summa
157 2707 203 2735 eura
222 2697 242 2735 et
260 2696 308 2749 title,
334 2696 440 2747 praecipue
459 2705 507 2746 quiae
521 2686 564 2732 usui
578 2692 703 2733 eeclesiarum
719 2692 739 2730 et
752 2701 819 2729 neorm-

44 2758 45 2761 ’
68 2757 168 2799 steriormu
181 2761 279 2803 testinata
293 2763 354 2802 erant.
380 2759 402 2800 lu
418 2762 516 2801 oolieilms
531 2762 575 2801 erute
591 2771 658 2800 anuum
669 2756 740 2798 Christi
756 2755 820 2797 oetiu-
