1786 3062
89 144 115 186 ra
149 151 162 190 ῃ

64 296 65 300 ,
90 256 158 308 gypto
173 255 241 294 latent.
273 252 294 290 ld
310 252 372 303 ipsum
388 254 430 303 est,
449 239 501 305 quod
516 254 581 292 rnirom
595 253 612 290 in
626 248 837 302 modummonumentis

38 341 40 346 ·
91 321 175 373 antiquis
190 321 210 359 et
224 317 325 358 traditione
340 320 419 358 uetusta
437 319 537 376 probatur.
566 316 747 359 Sedemlrabebant
762 314 837 367 quidem
874 349 877 369 ἶ

91 385 290 439 Assyriorumre'ges
298 385 316 424 in
326 386 373 425 urbe
387 385 448 436 Nino,
463 386 527 424 terrae
542 372 780 435 adiacenti'imperantes3
789 433 790 436 Ἴ
798 393 837 419 ex·

91 453 204 498 struxerunt
220 451 239 504 in
258 450 331 501 angulo
349 447 401 502 illo,
414 452 447 503 qui
460 450 519 500 Tigri
537 453 557 491 et
571 451 645 491 Sabate
659 450 759 502 superiore
773 446 838 499 conti·

91 522 164 570 netur,
181 522 244 558 arcem
262 518 325 569 illam,
348 518 400 564 cuins
419 516 485 558 tumuli
503 515 599 570 hodieque
613 529 701 567 magnam
715 516 734 555 in
745 513 838 555 altitudi-

92 588 134 636 irem
151 585 267 632 ascendunt;
287 584 411 623 sectabantur
425 595 474 623 vero
487 595 560 634 nrores,
576 582 675 634 instituta,
694 583 790 632 linguam,
803 591 838 619 rc-

92 654 185 703 ligionem
201 664 253 701 eam,
278 661 326 702 quae
347 649 370 688 ab
389 649 525 702 antiquissimis
544 649 588 688 iride
607 649 724 700 temporibus
736 647 839 699 Babylone
874 666 893 694 3

85 710 172 759 ‘exculta
193 719 254 756 erant.
286 715 375 766 Babylon
391 727 487 755 connmrne
502 716 586 756 Orientis
602 717 665 754 tanum
680 715 722 753 erat
736 713 838 765 rerumque

92 797 191 826 sacrarum
208 782 333 834 metropolis,
350 783 410 829 ,errius
430 782 552 834 splendorem
572 782 729 832 maiestatemque
749 781 799 819 tueri
819 782 840 819 et

93 843 168 901 augere
185 844 223 901 ipsi
238 848 364 899 Assyriorum
378 861 439 898 reges
454 850 517 889 officio
533 849 631 888 habebant
640 846 664 900 ¹).
692 848 757 902 Qurare
771 847 839 898 Baby·
876 879 893 902 a

93 918 156 956 lonem
176 927 214 954 uon
232 915 298 965 inepte
313 916 385 967 antiqui
399 916 451 954 orbis
466 916 544 955 Romam
561 915 645 962 dineri53
664 913 802 955 colebanture

94 985 165 1036 ‘urbique
180 982 205 1020 dii
219 981 336 1032 Babylonis,
356 994 405 1033 quae
421 982 467 1021 urbs
478 994 533 1021 sacra
547 981 685 1021 aestimabatur
704 980 755 1031 apnd
770 980 800 1020 as
878 1025 889 1037 Ξ

64 1103 66 1106 ¹
94 1052 134 1091 rios
148 1049 238 1101 primunr,
258 1047 326 1086 deinde
341 1046 461 1098 Chaldaeos,
481 1049 536 1088 etiam
552 1047 603 1105 apud
617 1048 689 1086 Persas
703 1035 841 1100 quodammodo

95 1129 131 1156 nee
149 1126 186 1155 non
205 1113 336 1154 Alexandrum
355 1113 481 1154 Macedonem
491 1112 518 1168 ²]-
552 1114 621 1166 Neque
637 1113 693 1154 aliter
707 1113 780 1153 [esaias
794 1126 841 1152 ora·

96 1183 138 1223 eulo
148 1182 190 1220 *illo
208 1180 277 1229 grandi
292 1182 312 1219 et
327 1181 447 1229 magnaminc
464 1192 480 1220 c.
495 1180 550 1228 Xlll.
565 1182 585 1220 et
600 1179 655 1219 XlV.
671 1179 790 1231 Babylonem
803 1188 840 1219 aaa:

95 1248 174 1291 aaziae
193 1257 230 1285 non
246 1258 288 1285 eam
302 1245 367 1284 urbem
381 1245 482 1297 describit,
502 1258 551 1299 quae
564 1247 636 1285 divitiis
651 1248 671 1286 et
684 1249 791 1286 rnercatura
806 1259 840 1285 sn-

96 1314 172 1367 perbiat
189 1314 211 1352 ut
231 1311 308 1363 Tyrus,
328 1322 391 1363 neque
407 1322 455 1362 quae
469 1313 536 1353 militia
554 1313 651 1364 rebusque
668 1312 743 1351 bellicis
760 1313 842 1364 polleat,

66 1421 68 1424 ,
95 1381 175 1420 malleus
192 1378 306 1430 populorum
327 1377 390 1417 dictus
409 1378 431 1415 ut
448 1376 523 1425 Assum
541 1379 576 1420 sed
595 1379 687 1418 describit
700 1390 740 1418 earn
755 1380 842 1432 tanquam

96 1445 209 1499 nrctropolin
229 1444 292 1484 cultus
309 1444 368 1482 divini
381 1444 526 1496 litterarumque
540 1446 617 1497 sedem,
636 1445 757 1495 astrologiae
771 1446 842 1484 inven-

97 1516 171 1565 tricem,
185 1511 234 1551 coeli
243 1510 389 1563 spectatricem,
404 1509 514 1550 coelestium
526 1522 588 1550 rerum
599 1511 685 1551 doctrina
695 1514 766 1563 gentes
777 1525 842 1554 ornnes

98 1580 232 1631 seducentem,
254 1588 303 1630 quae
321 1578 343 1616 ut
360 1577 438 1616 Lucller
452 1577 470 1616 in
485 1577 551 1627 coelo,
570 1580 599 1618 sic
613 1579 663 1619 inter
679 1591 743 1619 orrrnes
758 1581 843 1631 populos

97 1648 161 1697 gloria
175 1648 213 1684 tam
227 1644 334 1696 sapientiae
348 1653 402 1700 quam
416 1644 524 1681 sanctitatis
537 1643 645 1694 splendeat.
671 1644 692 1683 ld
703 1644 754 1697 quod
765 1647 843 1685 testan-

98 1714 196 1752 teretium
212 1709 328 1750 Graecorum
342 1707 507 1761 chrancrumque
521 1710 639 1761 scriptores,
653 1710 754 1761 Babylone
768 1712 791 1751 ab
806 1724 843 1751 an-

98 1779 208 1831 tiqnissimis
227 1775 345 1837 temporibus
363 1776 454 1825 viguisse
472 1775 592 1825 astrologiae
608 1776 753 1833 litterarumque
772 1778 842 1830 studia,

38 1844 40 1848 ’
102 1855 206 1896 ccr'urnque
216 1842 281 1881 sedem
292 1842 346 1893 qrrasi
358 1840 469 1885 catholicam
479 1842 580 1893 permulta
591 1842 749 1883 saecula'fmsse.
768 1843 843 1883 Astro-

64 1950 69 1959 ,Δ
97 1911 159 1950 nomia
177 1909 223 1948 miro
245 1908 301 1947 rrrodo
325 1907 426 1957 Babylone
447 1907 526 1947 exculta
547 1910 594 1958 luit:
617 1909 714 1961 pondero,
736 1922 843 1963 mensurae,

97 1969 165 2016 rrurnmi
174 1974 200 2015 ibi
215 1973 332 2025 inventast
344 1973 429 2013 Boeotio
441 1975 461 2013 et
470 1972 546 2014 ldelerc
557 1975 611 2013 iidem
624 1974 715 2015 babermrs
725 1973 756 2029 ³];
774 1982 843 2030 syste-
857 2029 859 2031 v
883 1983 893 2017 j

96 2088 229 2095 .-—--—-

164 2153 184 2196 1)
200 2150 264 2192 Ninus,
280 2149 377 2185 Semiramis
394 2151 457 2195 aliique
473 2150 581 2195 Assyriorum
593 2161 644 2196 reges
656 2150 760 2196 Babylonem
771 2154 856 2198 ternplis'
884 2138 893 2180 ‘f

98 2208 191 2254 aediliciis,
212 2207 264 2238 nmris
279 2215 351 2239 ornasse
369 2210 385 2239 et
400 2207 481 2240 irrroniisse
498 2206 581 2241 dicrurtm:
608 2205 638 2240 Est
656 2206 723 2251 quidem
735 2208 803 2242 difficile
816 2219 844 2242 en·
884 2214 891 2239 a

98 2272 172 2308 proruere,
193 2269 236 2303 quae
253 2260 298 2292 inter
314 2259 417 2303 Babylonem
435 2256 455 2293 et
467 2259 528 2293 Ninum
544 2262 637 2295 necessitas
654 2261 706 2296 luerit
722 2265 845 2307 arntiquissimis

98 2316 213 2362 temporibns3
233 2313 251 2346 irl
265 2316 323 2347 tamen
339 2317 403 2348 certrnn
418 2313 549 2358 mildridam,
572 2315 633 2350 Ninum
646 2317 712 2362 quidem
724 2317 846 2363 sedemlnisse

98 2384 157 2419 regum
169 2370 289 2414 Assyriorum,
306 2370 335 2412 qui
345 2379 376 2412 per
387 2370 439 2402 mrdta
451 2372 519 2404 saecula
530 2372 581 2405 Asiae
594 2374 682 2418 imperium
694 2373 803 2417 obtinebant,
815 2374 846 2408 sed

98 2429 192 2473 Babylonis
205 2433 272 2471 quoque
285 2423 324 2457 illos
334 2425 442 2468 praecipuam
449 2435 506 2460 curam
515 2429 591 2472 gessisse
599 2430 679 2472 tanquam
689 2430 820 2473 arrgnstissimae
829 2434 846 2464 et

98 2488 175 2519 retrrstae
186 2490 243 2515 rerum
255 2480 350 2513 divinarum
361 2480 426 2513 matris.
795 2478 797 2480 ’
887 2474 890 2481 ”

165 2538 329 2589 2)‘Alerandrum,
344 2542 458 2586 Arriigonurn,
475 2543 562 2578 Seleucum
579 2543 732 2592 niagnilrabuissc
750 2531 845 2582 Chaldaea·
886 2534 892 2591 Ξ

100 2612 136 2636 rum
149 2600 239 2641 uaticinia,
256 2597 343 2632 Diodorus
355 2595 389 2631 Sic,
401 2597 454 2631 relert
466 2598 493 2641 ll,
505 2603 536 2641 813
552 2599 602 2643 Xlll,
614 2603 641 2638 85,
781 2596 782 2599 “

166 2666 186 2708 3)
206 2663 262 2697 Samia
283 2672 313 2696 ren
328 2660 433 2705 Babylonius
449 2663 525 2707 precidere
541 2651 661 2700 etmensnras
678 2666 762 2699 invenisse
774 2660 846 2702 'rlieitum
871 2661 892 2704 Ῑ

100 2719 226 2759 Bar-Hebraei
239 2717 306 2752 Cicron.v
314 2727 331 2760 p.
345 2720 371 2750 10.
395 2715 420 2751 Cf.
432 2715 484 2752 Ersch
496 2729 512 2753 u,
525 2717 671 2766 Grurteeencycl.
688 2719 726 2756 Art.
740 2719 846 2765 Plroenizier.
888 2716 892 2767 Ξ

99 2774 179 2817 boeotii,
195 2770 288 2815 bletrolog.
299 2768 451 2821 ¹Untcrsuclnnqqen
463 2784 479 2817 p.
491 2773 511 2809 tt
524 2783 549 2819 sq.
888 2771 891 2789 '³
