1786 3062
86 141 114 184 iii

87 256 137 295 deos
153 267 174 293 se
188 252 310 304 appellantes
322 250 467 292 Seleucidarum
481 266 533 294 nrore
548 256 567 293 nt
582 266 642 305 reges
653 266 721 303 regum
735 254 757 293 ut
766 252 839 292 Persae

32 353 35 356 a
90 323 145 368 olim3
164 320 198 358 sed
215 318 239 356 ad
254 316 307 356 bella
322 318 472 370 invasionesquc
487 331 564 371 sernrper
578 321 620 360 iere
637 319 705 371 promti
726 321 746 356 et
762 319 838 369 faciles,

90 399 145 438 qurann
156 385 239 437 eqrritatn
249 384 330 423 maxime
341 383 431 423 valerent
440 386 460 424 et
469 386 589 438 sagittariis,
603 386 648 427 nihil
657 388 719 427 tamen
729 384 839 435 ell'eeerunt,

90 453 122 492 urbi
137 453 178 492 acie
194 452 342 491 coricurrendunr
358 454 411 503 erat,
430 464 491 504 nequae
511 452 534 491 ad
552 454 693 504 expugnandas
714 453 772 502 urbes
791 452 839 491 satis

90 520 179 559 instructi
194 519 249 558 erant
263 519 284 557 et
296 518 366 568 validi,
385 530 445 569 quare
460 519 492 557 ubi
505 520 644 569 resistebatur,
661 519 840 570 pacemrequirere

91 586 190 637 solebant,
216 585 278 634 turpia
297 586 317 622 et
332 584 402 633 grauia
417 584 453 623 sihi
467 585 538 634 imponi
550 584 600 623 lraud
614 597 659 623 raro
674 587 735 636 passi.
763 583 840 624 Parthis

91 653 152 691 illusit
170 651 285 700 Pompeius3
308 648 404 688 Caesares
425 650 445 688 et
463 649 593 701 Imperatores
610 650 691 689 Romani
712 662 788 702 semper
806 662 841 689 eos

92 719 194 768 lrrgarunt3
220 716 265 754 urbs
285 727 322 754 una
337 714 428 755 Seleucia
442 716 583 768 aspernabatur
597 705 711 756 Parthorum
727 717 841 756 dorninatio—

92 796 143 831 nerag
163 783 228 824 clades
244 781 324 833 Crassi,
339 780 434 830 Antigoni
445 781 523 821 labores
539 786 559 823 et
572 794 672 821 aerumnae
688 785 776 823 nontam
790 783 842 821 Par-

81 850 166 895 thorum
180 848 303 901 tortitudine,
323 859 378 901 quiam
392 849 484 888 terrarum
497 849 565 890 iniuria
578 849 651 889 illatae.

159 918 219 972 Quum
238 914 318 955 Rorrnaui
338 916 412 967 imperii
428 916 538 967 Euphrates
557 917 599 954 [luris
616 918 685 975 esset,
701 916 752 955 ultra
766 915 841 965 Tigrim

95 985 157 1023 autern
176 983 316 1022 dourrinarentur
330 981 407 1032 Parthi,
425 982 529 1021 miserrima
544 985 586 1022 erat
600 993 644 1020 sors
657 994 721 1022 earnnn
734 981 841 1033 regionum,

95 1062 145 1104 qnae
164 1050 213 1089 inter
233 1047 299 1087 anrhos
318 1049 367 1088 sitae
389 1050 449 1089 erant.
479 1047 543 1090 Causa
561 1049 608 1089 belli
625 1047 727 1099 Rorrranis,
747 1048 764 1086 si
782 1047 857 1088 nrinus'

82 1114 231 1168 ‘inperatorem
246 1114 335 1165 ambitio,
353 1127 429 1167 semper
444 1116 485 1154 l'ere
499 1115 614 1167 Arruenia
628 1107 678 1154 tuit.¹
697 1115 746 1154 Post
759 1114 843 1155 Parthos

93 1182 180 1221 Armenii
195 1192 271 1233 qrroque
285 1193 296 1219 a
310 1180 419 1232 Seleucidis
434 1181 557 1222 desciverant
571 1183 656 1233 tempore
668 1179 759 1221 Antiochi
768 1181 843 1234 Magni,

72 1245 73 1248 '
94 1249 179 1288 Artaxia
193 1250 213 1287 ct
228 1246 323 1286 Zadriade
338 1247 448 1286 aenatoribus
453 1261 459 1294 3
474 1248 569 1289 Artaxias
583 1248 659 1287 maioris
673 1246 787 1299 Araneolae,
803 1249 844 1289 Za-

95 1316 171 1356 driades
191 1315 268 1354 minoris
290 1313 327 1352 sihi
349 1315 428 1366 quisque
445 1325 509 1366 regna
526 1312 703 1368 misrrumum).
737 1315 844 1368 Artaxiam,

37 1402 39 1405 ·
95 1384 118 1423 ah
133 1379 229 1423 Antiocho
244 1381 344 1433 Epiphanc
359 1380 410 1419 hello
426 1384 536 1432 superatum
552 1384 572 1420 ct
585 1383 681 1432 captivum
695 1381 796 1421 abductum
810 1395 845 1421 se·
885 1409 887 1412 v

96 1452 151 1490 cutus
165 1450 196 1488 est
211 1447 345 1497 Artavasdes,
361 1447 414 1485 cuius
428 1447 478 1486 tilius
492 1447 591 1498 Tigranes
606 1447 622 1487 i.
637 1445 733 1487 aParthis
747 1447 800 1488 bello
813 1449 845 1489 la-

97 1518 192 1566 cessitus,
207 1514 313 1564 Tigranem
326 1512 383 1552 filium
397 1514 482 1553 ohsidern
494 1515 572 1554 tradere
582 1515 667 1563 cogitur.
694 1514 747 1567 Ielenr
756 1517 846 1565 postona

96 1582 209 1623 lilithridate
225 1580 338 1620 Parthorum
355 1590 406 1628 rege
418 1580 442 1631 in
459 1592 541 1630 regnum
554 1582 668 1630 restitutus,
690 1581 788 1620 concessit
802 1583 846 1634 qui-

4 1683 5 1690 ,
51 1680 53 1682 ψ
97 1640 140 1689 dem
155 1647 231 1694 Parthis
244 1645 346 1685 Arnneniae
359 1642 538 1697 aliquampartem,
559 1646 595 1700 sed
609 1645 783 1685 Arnneniaminore
798 1648 847 1686 suh-

97 1717 148 1755 iecta
168 1726 206 1754 rex
223 1724 291 1762 regum
310 1711 425 1763 appellatur.
458 1712 507 1752 Erat
526 1713 599 1751 onnrino
618 1712 759 1760 validissimum
777 1713 847 1754 hhedos

97 1781 232 1833 Atropatenae
247 1781 266 1818 et
281 1778 396 1829 Gordyaeos
409 1780 509 1831 ipsamque
521 1779 681 1830 Mesopotamiam
696 1780 715 1818 in
730 1781 848 1831 potestatem

98 1848 178 1897 redegit
203 1845 285 1898 [Strabo
307 1844 321 1882 i.
342 1843 377 1882 iii.
396 1844 447 1884 Plut.
470 1846 489 1883 iu
509 1845 603 1895 Lurcurllc).
636 1845 794 1897 Mesopotamiam
815 1848 851 1887 iiie·

99 1913 180 1955 Graecis
193 1911 262 1951 incolis
276 1911 407 1963 trequentauit
422 1922 448 1949 ex
457 1909 525 1951 Cilicia
536 1913 555 1950 et
565 1909 689 1961 Cappadocia
703 1913 775 1951 accitis.
802 1914 849 1953 hlo-

98 1982 127 2020 vn
152 1993 227 2033 quinque
252 1989 279 2017 ex
299 1977 343 2019 loco
363 1977 443 2016 vivendi
462 1979 555 2017 consueto
574 1975 652 2016 Arabes
666 1977 756 2018 Scenitas
777 1992 849 2034 cosque

99 2048 186 2088 traduxit
206 2048 225 2085 et
245 2045 263 2083 in
278 2043 420 2096 Mesopotamia
441 2044 465 2084 ad
478 2042 595 2095 Eirphratcnr
609 2054 619 2081 e
632 2044 714 2093 regione
730 2043 849 2097 Gorrrrrnage-

99 2126 133 2154 nes
154 2114 239 2163 locarit,
262 2110 340 2164 quorum
358 2122 417 2164 opera
434 2111 452 2151 in
467 2109 583 2151 commerciis
598 2110 685 2150 uteretur
694 2107 721 2163 ²).
748 2111 796 2153 Huic
812 2113 849 2154 Ti-

168 2289 188 2331 i)
199 2288 294 2322 Armeniam
306 2288 387 2321 maiorem
399 2290 415 2320 et
427 2289 507 2321 rninorcrn
517 2285 613 2330 Euphrates
624 2286 737 2330 disiungehat.
761 2287 786 2322 ci.
795 2288 851 2324 Gella„

102 2347 137 2382 rins
151 2342 192 2378 (lrh.
206 2346 240 2376 arnt,
253 2341 264 2375 l.
276 2341 305 2376 iii.
318 2351 331 2375 e.
343 2341 372 2375 Xl.
384 2340 459 2374 Plinius:
478 2340 562 2384 „Oppida
574 2340 682 2374 celebrantur
692 2342 710 2373 in
721 2343 795 2387 lautiore:
808 2344 851 2380 Cae,

102 2408 161 2441 sarco,
178 2399 222 2439 baa,
241 2395 349 2440 Nicopolis.“
371 2395 395 2429 De
404 2395 475 2429 Artaxia
486 2396 508 2428 cl.
518 2395 593 2429 Vaillant
605 2397 645 2438 imp.
654 2394 720 2430 Selene.
729 2405 768 2440 pag.
777 2400 803 2434 aa,
813 2404 851 2436 227,

168 2463 187 2504 2]
200 2461 264 2495 Plinius
281 2459 314 2500 vi,
326 2464 357 2495 32:
375 2458 455 2499 „Arabia
467 2459 541 2502 geratinum
553 2457 595 2491 rrrrlli
606 2457 726 2501 postferenda,
744 2460 853 2505 amplitudine

101 2518 213 2561 longissima,
233 2524 243 2549 a
262 2517 318 2548 rrrorrte
336 2513 400 2546 Annurro
418 2512 514 2554 descendit,
534 2512 590 2545 rrarrltis
608 2508 759 2557 gentibus'eornnr
777 2515 852 2552 ‹leductie

102 2573 132 2607 illo
145 2582 156 2606 a
168 2572 245 2618 Tigrane
256 2565 339 2614 lldagno.“
364 2568 449 2613 Tigranes
461 2567 537 2603 Ciliciam
550 2573 662 2613 occupaverat
674 2573 690 2604 ct
703 2570 745 2605 duras
756 2573 774 2605 in
787 2571 853 2616 Syriam

103 2633 120 2662 et
132 2626 246 2662 Palaestinam
262 2625 326 2658 iecerat
342 2626 453 2658 incursiones.
476 2623 524 2657 Illinc
537 2622 621 2665 Graecos,
637 2622 676 2658 ltinc
687 2623 752 2659 Arabes
763 2628 781 2661 in
795 2626 853 2663 bleso.

101 2684 194 2729 peramara
213 2681 315 2726 deportarit.
341 2677 395 2713 Erant
410 2678 485 2712 tortasse
500 2677 576 2712 idumaei
590 2688 603 2711 s.
619 2677 713 2721 Nabataei,
735 2682 792 2725 qrriei
808 2692 854 2718 corn-

101 2739 165 2778 mercio
184 2740 201 2773 et
216 2736 293 2783 cantitata
308 2733 400 2780 pollebant.
426 2731 510 2779 Longinam
526 2732 613 2786 Syriacam
631 2733 652 2768 ab
667 2734 751 2772 idumaeis
768 2742 854 2785 acceptam

101 2796 164 2838 fuisse,
181 2802 234 2840 supra
246 2793 331 2828 rnorritnrn.
350 2832 351 2835 Ἴ
