1786 3062
48 165 50 168 ¹
96 171 188 214 eald»

121 285 187 334 Atque
203 281 240 333 ipsi
254 279 291 331 rili,
306 265 337 334 qni
353 290 424 319 ornnem
440 277 551 318 ernuditlonis
567 275 677 317 tlrcsaurum
691 270 837 316 consummasse
847 278 867 316 et

111 349 189 390 serinia
197 363 200 376 ³
209 346 367 387 bibliothecarum
385 346 445 385 onmia
464 332 589 396 perreptasse
606 343 720 395 videantur,
738 353 762 382 ne
773 342 794 380 iu
805 332 866 390 ,sacro

120 414 223 454 Ribliorum
241 415 297 453 textu
317 412 362 453 falsi
376 400 421 464 quid
435 414 455 452 ct
469 411 558 464 irreptitii
572 410 661 462 haereat,
682 421 754 463 operae
769 419 806 448 non
818 419 866 461 pre·

121 482 165 522 tium
189 478 272 534 naneae,
296 481 318 520 ut
340 481 433 521 certiores
457 478 503 518 dant
522 477 546 518 de
564 478 654 520 versione
674 478 787 528 Bibliorunr,
813 488 867 529 quarn

120 547 159 589 viri
178 559 242 587 omnes
257 545 323 586 Irarum
338 559 398 587 rerrrnr
414 547 471 598 periti
485 545 635 598 antiquissimam
649 545 724 597 dicunt,
744 545 797 585 euius
812 543 867 583 e'odiss

122 627 155 656 aes
182 613 230 654 satis
253 613 306 652 rnnulti
327 614 384 652 nrirae
404 612 508 653 vetustatis
527 611 585 651 facile
604 612 687 653 conferri
704 601 790 662 possint,
814 610 868 649 einins

121 693 159 720 nou
176 675 236 719 solum
252 679 269 717 in
285 678 399 719 editionibus
414 679 449 720 sed
463 679 484 719 et
498 677 596 719 codicibus
612 681 632 720 et
646 677 696 730 apud
710 678 769 718 totius
783 675 867 717 Orientis

107 745 217 799 ¹ccclesias
239 745 341 797 explorata
361 748 392 786 cst
406 745 512 797 aequalitas
530 747 549 785 ct
564 747 677 787 constantia.
704 743 736 785 Au
751 755 799 784 vero
812 744 893 783 sota--

122 815 170 865 ciat,
190 811 245 864 queri
258 823 299 850 cunr
313 811 449 852 Griosbacbio:
464 810 578 864 „Syriacae
594 824 664 854 novam
679 811 780 852 editionem
795 810 870 850 adan·

122 880 241 934 tiquissimos
264 880 285 918 et
306 879 389 930 optimos
411 878 489 918 codices
513 880 653 931 uranuscriptos
680 879 703 934 ab
724 877 771 918 artis
792 877 870 917 criticae
891 880 893 924 ξ

121 946 185 998 perito
200 944 312 994 «diligenter
332 946 468 985 conformatam
486 944 647 997 desiae1·anms“,
668 945 701 984 vel
723 956 764 984 cum
783 942 871 985 Sernnlero
890 942 893 987 ,¹

125 1013 202 1053 dicere:
224 1010 337 1063 „Syriacae
350 1003 484 1065 translationis
497 1013 567 1052 critica
578 1013 633 1065 quasi
647 1011 728 1052 lristoria
741 1010 802 1051 adimo
816 1010 871 1048 desi·
892 1008 893 1011 ’

123 1076 223 1122 ᾱθιῖειῑῑιιπ“
250 1077 318 1117 Nonne
332 1078 468 1118 Griesbaebiuus
483 1078 570 1118 dubitare
585 1077 685 1116 debuisset
696 1076 720 1115 de
727 1072 872 1116 recensionibns

123 1146 175 1195 suis,
196 1143 228 1180 ubi
245 1140 271 1181 ex
285 1143 345 1182 tribus
359 1144 403 1183 istis
418 1144 561 1183 accensionibus
576 1142 676 1184 coartatum
690 1155 735 1183 esse
750 1133 872 1182 aninradver-

122 1212 146 1252 tit
165 1207 296 1250 dextruens
309 1210 417 1260 versionis,
436 1222 484 1262 qnae
499 1197 594 1263 antiquior
607 1201 690 1250 babetur
703 1210 786 1261 ipsarum
801 1219 872 1248 reeen-

123 1279 196 1316 sionmn
215 1272 338 1325 originibus?
359 1276 398 1317 Sed
414 1276 478 1315 solent
489 1274 576 1315 homines
590 1277 654 1328 potius
675 1275 770 1315 derebus
787 1274 872 1314 omnibus
889 1311 890 1314 ,

123 1342 211 1383 dubitare
229 1351 284 1391 quam
302 1341 377 1382 desua
394 1343 478 1393 ipsorum
498 1342 594 1394 opinione.
626 1341 704 1382 lilinime
721 1353 769 1381 vero
788 1341 808 1380 id
822 1340 871 1380 dan-

123 1409 172 1449 dunin
185 1407 217 1445 est
234 1406 342 1446 criticorum
362 1407 419 1448 dietis
438 1410 459 1448 ct
478 1408 603 1459 clamoribus,
622 1409 643 1447 ut
656 1408 765 1447 versionem
779 1406 873 1458 Syrorum

124 1472 234 1527 Sirnplicenr
254 1474 325 1513 tantam
346 1475 366 1514 et
380 1475 418 1513 tam
431 1474 519 1514 iteratam
533 1475 621 1513 subiisse
635 1477 723 1526 putemus
739 1476 874 1515 conrrnutatio-

123 1554 166 1581 nem
191 1543 212 1579 et
236 1531 403 1590 depravationem
430 1541 480 1582 siout
501 1541 529 1580 illi
545 1541 659 1580 'existimari
682 1532 761 1591 volunta
783 1534 835 1595 quod
858 1542 874 1581 si

123 1608 243 1657 statuerunt,
267 1595 288 1645 ut
306 1606 452 1660 comprobarent
469 1618 551 1648 necesse
568 1610 618 1648 erat.
646 1603 701 1660 Quod
716 1608 826 1660 prinsquam
840 1609 874 1649 ia-r

124 1678 174 1717 ctum
192 1675 235 1725 est,
252 1673 312 1714 liceat
331 1673 387 1713 uobis
405 1686 468 1726 neque
488 1674 512 1714 de
531 1674 643 1727 antiquitate
658 1686 720 1729 neque
736 1674 759 1713 de
774 1674 875 1714 incolumi-

124 1745 166 1784 tate
182 1741 279 1781 versionis
293 1739 340 1791 Syr.
353 1741 451 1780 admodum
467 1740 560 1780 drnbitare.

190 1806 231 1849 Sed
252 1806 302 1845 aliud
326 1806 420 1858 quoddam
440 1819 478 1846 nou
497 1807 656 1858 praetereundum
674 1808 712 1848 est.
745 1807 782 1863 Qui
800 1806 875 1861 tandein

42 1890 44 1892 ’
73 1918 77 1922 f
125 1875 190 1916 codex
214 1874 304 1926 repertus
328 1875 370 1924 est,
395 1886 449 1925 quem
473 1873 573 1916 latinizare
596 1888 632 1914 nou
651 1876 736 1915 dixerint
751 1873 877 1914 'Wctsteuius

126 1944 197 1996 quique
215 1952 257 1994 erran
275 1936 396 1993 sequuntur?
423 1939 477 1994 Quod
495 1941 512 1980 si
530 1942 549 1981 iu
566 1942 664 1982 codicibus
680 1942 760 1982 Graecis
773 1941 829 1981 facile
843 1942 876 1979 ia-

126 2012 176 2051 ctum
191 2000 237 2046 esse
253 2009 295 2046 veri
308 2019 346 2047 uon
360 2007 447 2046 absimile
461 2006 524 2047 videri
536 2009 611 2060 possit,
628 2008 673 2061 quid
688 2021 746 2060 porro
761 2008 876 2057 existiman-

73 2125 74 2128 *
126 2076 169 2115 dum
195 2075 225 2113 est
248 2086 271 2114 ea
295 2074 318 2113 de
336 2086 369 2124 re,
392 2073 444 2126 quod
462 2074 523 2126 ipsam
543 2074 649 2125 Syriacam
663 2077 748 2115 nostram
767 2074 877 2114 versionem

125 2141 203 2181 fuerumt
229 2140 261 2191 qui
282 2140 338 2179 filiam
360 2139 454 2179 baberent
470 2141 567 2179 versionis
585 2141 665 2181 Latinae
676 2138 709 2195 ¹32
738 2140 808 2181 (lumes
827 2141 876 2180 enim

126 2200 243 2258 observant,
269 2217 358 2256 magnam
378 2205 499 2246 intercedere
517 2205 570 2257 Syro
591 2206 729 2248 similitudinem
741 2211 770 2250 iet
789 2210 877 2248 societa-

127 2280 164 2316 tem
191 2286 231 2314 eum
257 2275 348 2312 versione
367 2273 435 2312 Latina
457 2259 575 2323 Hieronymo
596 2274 713 2327 antiquiore,
736 2286 791 2329 quiam
814 2274 877 2323 vulgo

126 2341 194 2382 Italam
212 2337 283 2379 dieunt.
315 2338 331 2378 l.
349 2338 375 2378 D.
395 2336 508 2390 Michaelis,
528 2340 571 2393 qui,
591 2340 747 2392 quemadmodum
764 2342 797 2381 illa
812 2343 878 2381 aetate

101 2398 105 2422 ³
126 2409 203 2460 solitum
217 2408 270 2455 erat,
295 2407 394 2444 variantes
412 2404 505 2444 lectiones
525 2407 632 2458 cunarulare,
656 2406 758 2457 digerere,
782 2407 878 2458 conterre,

128 2473 249 2521 exarniuore‚
270 2483 311 2510 cam
330 2481 407 2521 operam
422 2471 440 2508 in
454 2472 562 2510 versionem
576 2471 677 2521 Syriacam
691 2457 878 2525 AetuumAposloa

127 2540 188 2580 lorum
202 2537 295 2590 impendit
306 2533 337 2591 ²),
350 2539 372 2578 ut
385 2549 440 2591 quam
455 2537 599 2579 accuratissime
615 2549 687 2586 ornnem
700 2540 796 2580 versionis
808 2539 878 2579 'diver-

182 2617 184 2620 '
828 2607 879 2648 sita-

128 2671 260 2679 mm.-

196 2762 215 2808 1)
228 2760 291 2796 eontra
303 2758 343 2793 illos
355 2758 431 2805 disputat
442 2759 455 2797 1.
466 2760 485 2798 E.
498 2760 596 2797 Gerbardus
607 2763 625 2797 in
636 2761 677 2797 diss.
688 2762 764 2798 laudata.

195 2829 215 2874 2)
227 2826 240 2863 l.
252 2825 272 2863 ll.
284 2823 385 2870 Michaelis,
403 2834 453 2862 aurae
464 2815 482 2862 in
495 2836 540 2863 vere.
552 2826 590 2873 Syr.
602 2827 638 2864 bot.
651 2827 694 2874 App.
707 2825 783 2873 Gotting.
794 2829 842 2866 1755.
868 2832 870 2835 ”
