1786 3062
83 139 111 181 id

84 267 121 306 que
137 252 240 294 Christiani
254 251 331 301 primum
346 250 365 287 iu
377 249 490 291 Palaestina
505 254 525 291 et
540 251 655 302 Coelesyria
667 252 760 291 versione
774 249 798 290 V.
809 249 835 289 Τ.

85 320 134 372 opus
145 318 248 368 traherent,
263 316 312 356 satis
327 316 471 356 demonstrasse
484 318 539 358 nnius
554 310 647 358 videmur,
674 317 748 362 'Earrreu
762 317 835 368 utpri-

85 401 132 428 inum
145 386 226 425 innotuit
239 384 306 424 versio
316 383 411 435 Squiaea,
426 395 476 436 quae
489 385 574 425 veritate
587 399 610 441 ac
618 385 741 439 simplicitate
753 385 834 424 maxime

85 452 264 501 cornruendahatur,
283 450 379 490 ecelesiae
399 450 531 500 Christianae,
550 464 588 502 quo
607 454 670 501 magis
684 453 783 502 gentilium
797 460 843 488 nur-²

85 531 148 558 merus
167 517 288 568 augebatur,
310 517 376 556 ludaei
391 518 453 555 autern
467 528 489 555 se
504 516 558 567 ipsos
573 519 690 569 separabant
704 522 724 559 et
740 518 835 558 exclude·
860 511 866 550 f

84 587 142 636 haut,
168 597 191 624 co
213 583 288 623 facilius
307 584 462 634 adducebantur,
488 586 510 622 ut
527 583 636 622 versionem
655 584 705 622 illam
719 586 836 637 reciperent.

86 652 139 693 Sane
158 653 176 691 si
192 661 259 690 verum
274 652 338 700 esset,
356 649 406 700 quod
420 646 518 688 Eusebius
529 650 588 690 tradit
599 646 628 701 Ι),
643 649 751 700 Apostolos
767 652 835 701 ultique

86 718 175 758 ecelesiis
200 713 309 755 versionem
331 715 424 754 Graecam
445 714 582 754 LXXviralenr
603 717 691 766 tanquam
710 717 836 755 authenticam

86 783 205 834 Scriptorum
219 780 333 832 tradidisse,
347 783 433 831 mireris,
448 781 499 833 quod
513 781 597 822 ecclesia
610 781 693 832 Syriaca
707 781 731 821 V.
746 781 771 820 Τ.
786 793 836 820 ver·-

85 851 158 890 sionem
174 848 298 902 probaverit,
321 859 371 900 quae
385 849 422 887 vix
439 845 558 899 rrraguarrr²]
576 860 617 888 eum
632 847 707 889 Graeca
726 848 836 888 adfinitatem
887 864 888 867 ¹

86 918 156 968 lrahet,
169 917 204 955 sed
214 915 324 954 Hebraeum
338 916 412 952 textum
423 903 517 954 accurate
532 915 628 966 exprimit.
656 914 697 954 Sed
711 915 836 954 certissimum
855 906 858 908 ¹

88 985 128 1036 est,
147 983 221 1022 etiarnsi
234 980 325 1033 Apostoli
339 991 362 1019 ea
377 980 431 1018 antrat
446 979 536 1019 libertate
550 982 631 1032 srrcriut,
650 982 671 1020 ut
684 980 741 1021 facilc
756 982 836 1020 versio-

86 1052 116 1089 nis
131 1050 218 1089 Graecae
232 1049 324 1098 receptae
337 1057 390 1083 usurn
405 1045 529 1085 condonarint
543 1047 631 1085 ecclesiis
646 1048 666 1085 et
678 1047 716 1097 ipsi
725 1047 767 1084 eius
776 1049 836 1086 testi-

87 1116 156 1157 moniis
168 1113 272 1154 doctrinam
290 1124 342 1152 suam
357 1110 485 1162 firrnaveriut,
504 1113 590 1153 exortam
606 1114 669 1152 tanuen
686 1125 731 1152 esse
744 1113 763 1151 iu
776 1114 836 1166 primo

88 1182 237 1223 Christianorum
252 1181 308 1219 coetu
323 1178 437 1217 desiderium
452 1179 552 1234 multorum
568 1179 747 1230 flagrantissimum,
760 1180 836 1219 uthio-

83 1246 113 1289 'sis
128 1250 148 1288 ct
162 1246 302 1300 Prophetarum
317 1244 378 1284 libros
391 1256 428 1284 nou
443 1246 481 1284 tam
496 1257 522 1284 ex
534 1244 708 1285 Alexandrinorum
719 1259 785 1287 rrranea
798 1259 837 1299 pe-

19 1348 26 1356 .
68 1355 70 1357 .
85 1318 131 1357 uitia
149 1316 169 1354 et
182 1314 349 1362 Targumistarum
368 1310 419 1351 haud
435 1323 479 1352 raro
494 1313 572 1364 putrida
586 1313 607 1352 ec
620 1312 694 1351 insulsa
708 1313 837 1364 expositione,

87 1384 123 1424 sed
140 1383 183 1434 ipsa
197 1380 264 1421 textus
279 1378 380 1429 originalis
396 1379 480 1419 veritate
495 1380 626 1431 perciperent.
655 1377 678 1420 Si
691 1381 740 1419 iuter·
754 1379 837 1434 ludaeos
880 1377 883 1380 ’

87 1452 108 1490 et
128 1448 228 1494 Ebionitas
247 1446 365 1485 exstiterunt
383 1446 473 1485 recentes
494 1445 598 1497 Bihliorum
616 1446 744 1497 interpretes,
769 1446 838 1498 ecquid
865 1441 867 1445 ’

87 1517 171 1568 opinaris
189 1514 239 1553 iuter·
255 1511 377 1552 Christianos
396 1511 474 1551 siluisse
489 1513 552 1552 studia
565 1513 657 1553 Hebraea
667 1508 702 1565 ³]i
722 1509 838 1556 Aemuletu-

155 1656 172 1698 1)
188 1654 258 1689 Euschi'r
274 1652 371 1687 Ghronieon
386 1652 453 1687 eren.
474 1663 491 1696 p¹
511 1654 558 1690 titt:
579 1652 667 1694 „Constat
682 1655 740 1698 itaque
757 1653 802 1685 omni
818 1662 839 1686 en

88 1713 138 1755 quarte
149 1711 305 1753 interpretationem
317 1707 365 1742 LXX
378 1708 449 1743 vinalem
461 1718 481 1742 eu
493 1710 567 1753 anitiquis
579 1712 596 1742 et
607 1710 711 1752 incorruptis
723 1708 838 1742 Hebraeorum

88 1765 212 1809 euernplarilurs
230 1763 321 1797 desumtam
336 1763 399 1805 luisse,
420 1763 494 1808 ideoque
508 1767 527 1796 ut
543 1773 575 1807 pau
591 1768 637 1805 erat,
653 1774 685 1798 uos
702 1774 768 1808 quoque
781 1763 839 1798 eadem

87 1824 154 1855 utemur
165 1821 183 1853 in
194 1819 281 1863 praesenti
295 1816 446 1862 Girronograpiua,
459 1828 508 1862 quum
520 1820 621 1861 praesertim
633 1822 650 1853 et
661 1821 700 1862 ipso
709 1818 773 1853 chriso
784 1818 839 1852 ecele-

88 1876 115 1909 sia
131 1884 162 1918 per
177 1875 274 1908 universum
288 1874 372 1906 terrarum
385 1873 443 1907 ortem
455 1873 517 1907 diffusa
528 1873 574 1907 illam
586 1873 690 1908 solummodo
702 1877 761 1908 teneat
772 1878 789 1908 et
800 1873 839 1907 Sel-

87 1931 153 1964 vatoris
169 1930 225 1963 nostri
235 1925 314 1971 Apostoli
330 1936 350 1961 oe
362 1927 441 1972 discipuli
453 1928 473 1962 ab
486 1930 534 1962 initio
546 1929 625 1963 rrierrdnm
636 1929 761 1964 iradirlcrurrt.“
784 1928 839 1964 Simili
875 1929 880 1932 “

87 1984 137 2018 modo
154 1988 193 2019 arrie
206 1993 243 2018 enm
256 1977 340 2027 Origenes
356 1982 386 2016 lib.
399 1984 417 2016 in
429 1982 476 2018 tart.
488 1983 504 2024 i,
516 1984 544 2019 ll.
557 1982 609 2025 „Nos
620 2002 643 2008 -
653 1986 708 2028 inquit
719 2005 741 2011 -
752 1983 800 2017 LXX
812 1985 838 2017 in-

86 2044 141 2085 terpp.
162 2041 226 2084 scripta
241 2048 272 2083 per
285 2039 341 2072 omnia
353 2038 475 2074 custodiimus*
499 2038 524 2073 Gi.
540 2038 601 2072 illarum
617 2031 670 2073 meum
686 2039 707 2073 de
721 2038 779 2074 lenem.
794 2049 839 2074 vers,

86 2096 134 2130 hieu.
145 2105 185 2140 pag.
196 2097 213 2131 ll.
225 2104 263 2139 sqq.

117 2192 119 2199 ,
154 2159 173 2202 2)
189 2158 228 2194 Non
244 2161 296 2192 orariis
313 2158 380 2194 cumino
393 2156 432 2202 Syri
448 2166 484 2206 eum
500 2154 565 2190 Graeco
582 2158 699 2191 convenientia
714 2157 793 2203 neganda
809 2160 840 2194 est.

88 2213 114 2249 cr.
131 2210 172 2248 Gerr.
187 2212 205 2254 l,
222 2218 258 2255 aa,
276 2212 302 2255 V,
318 2214 355 2255 aa,
375 2212 407 2256 Vi,
425 2207 451 2255 a.,'
471 2211 535 2255 utin,
554 2217 579 2249 re.
594 2217 629 2263 Ι11.;
644 2211 692 2247 Nun.
705 2212 754 2255 nul,
771 2215 796 2255 5.;
812 2212 840 2247 Ps.

88 2268 129 2311 XL,
145 2272 172 2309 8,,
192 2267 265 2309 LXVll,
282 2272 308 2309 1.·,
328 2267 380 2301 Prov.
397 2267 446 2310 Vlll,
465 2272 493 2303 23.
509 2268 567 2310 (LXX
582 2262 642 2302 ἔκτιιῖε.
655 2268 692 2311 Syr.
707 2268 764 2302 ethr.
777 2270 841 2302 eucerii

88 2323 129 2366 une),
153 2322 184 2355 les.
202 2320 250 2363 viu,
267 2326 294 2357 20.
306 2316 349 2354 *iridi
365 2313 384 2355 ib
397 2322 427 2369 iili
443 2315 492 2356 *iiim
515 2323 562 2357 LXX
573 2321 620 2365 δῶρα
634 2323 700 2356 δοῦναι.
727 2322 769 2368 item
781 2322 843 2358 Poseh.⁴

88 2366 159 2441 ῙίωΟἷ
173 2382 193 2423 (Ἴ
210 2390 328 2421 commutatum
343 2397 380 2420 eum
395 2384 424 2425 'ih
439 2400 466 2406 -
494 2387 555 2422 Erech,
570 2388 651 2429 XXXIV,
671 2391 698 2424 lo.
709 2388 740 2422 nbi
751 2387 798 2421 LXX
808 2399 840 2433 pro

89 2459 131 2501 uram
150 2456 299 2511 ingestionem,
321 2464 367 2509 quod
381 2465 458 2509 serpriinr
472 2461 532 2499 Peselr.
547 2482 569 2488 -
586 2463 629 2497 Dan¹
646 2461 678 2505 IV,
690 2462 763 2511 '249-
789 2462 840 2499 Zach.

89 2534 121 2576 vr,
133 2538 159 2568 ra.
172 2532 217 2577 nee
229 2530 276 2565 unu
287 2527 363 2573 avawaq
376 2529 413 2575 syr.
426 2508 491 2577 thal.
505 2547 527 2554 -
548 2528 599 2562 aaa
607 2528 636 2570 ru,
648 2532 664 2565 e.
677 2529 714 2561 sm
726 2522 777 2579 rea]
791 2515 841 2577 ,see

65 2646 67 2648 ,
88 2619 137 2656 LXX
155 2613 221 2658 auitam
234 2616 252 2651 P.
268 2594 347 2671 ἱὸοῑῦσ
370 2616 413 2654 Vide
430 2619 481 2653 etium
497 2613 595 2659 Gesenium,
617 2615 728 2652 Gornmeniar:
745 2628 759 2651 z.
775 2617 858 2663 lesnios⁵

104 2688 107 2695 ¹
128 2712 132 2719 ‚
159 2688 201 2720 .12.

87 2686 126 2722 Emi
146 2688 175 2783 ἒ)
186 2736 249 2782 Aquila
261 2735 366 2772 illiriseianus
378 2741 449 2784 primum
461 2739 514 2773 luisse
526 2737 596 2780 elicitum
613 2737 722 2783 Sll¹¹¹¹¹³⁰h¹¹⁵
734 2741 750 2772 et
762 2737 842 2772 Th⁰⁰d⁰‘

89 2798 126 2832 iiou
138 2795 230 2830 Ebionilae
246 2795 305 2833 erani;
328 2795 411 2829 versionis
427 2797 486 2829 sextae
502 2795 571 2835 erretor,
591 2794 606 2828 si
621 2804 685 2839 genere
703 2792 842 2834 lireritludncus¹
