<?xml version="1.0" encoding="UTF-8"?>
<!DOCTYPE html PUBLIC "-//W3C//DTD XHTML 1.0 Transitional//EN"
    "http://www.w3.org/TR/xhtml1/DTD/xhtml1-transitional.dtd">
<html xmlns="http://www.w3.org/1999/xhtml" xml:lang="en" lang="en">
 <head>
  <title>
</title>
<meta http-equiv="Content-Type" content="text/html;charset=utf-8" />
  <meta name='ocr-system' content='tesseract 3.04.00' />
  <meta name='ocr-capabilities' content='ocr_page ocr_carea ocr_par ocr_line ocrx_word'/>
</head>
<body>
  <div class='ocr_page' id='page_1' title='image "MN41905ucmf_0_0184.png"; bbox 0 0 1786 3062; ppageno 0'>
   <div class='ocr_carea' id='block_1_1' title="bbox 69 164 110 212">
    <p class='ocr_par' dir='ltr' id='par_1_1' title="bbox 69 164 110 212">
     <span class='ocr_line' id='line_1_1' title="bbox 69 164 110 212; baseline -0.024 0"><span class='ocrx_word' id='word_1_1' title='bbox 69 164 110 212; x_wconf 81' lang='lat'><strong>150</strong></span> 
     </span>
    </p>
   </div>
   <div class='ocr_carea' id='block_1_2' title="bbox 71 262 824 337">
    <p class='ocr_par' dir='ltr' id='par_1_2' title="bbox 71 262 824 337">
     <span class='ocr_line' id='line_1_2' title="bbox 71 262 824 337; baseline -0.007 -15"><span class='ocrx_word' id='word_1_2' title='bbox 71 281 109 325; x_wconf 88' lang='lat' dir='ltr'><strong>hoc</strong></span> <span class='ocrx_word' id='word_1_3' title='bbox 128 281 235 337; x_wconf 80' lang='lat' dir='ltr'><strong>perdifficili</strong></span> <span class='ocrx_word' id='word_1_4' title='bbox 244 280 387 322; x_wconf 65' lang='lat' dir='ltr'><strong>dubitationem</strong></span> <span class='ocrx_word' id='word_1_5' title='bbox 404 281 441 321; x_wconf 92' lang='lat' dir='ltr'><strong>iam</strong></span> <span class='ocrx_word' id='word_1_6' title='bbox 460 283 526 324; x_wconf 86' lang='lat' dir='ltr'><strong>iniecit</strong></span> <span class='ocrx_word' id='word_1_7' title='bbox 540 262 642 335; x_wconf 86' lang='lat' dir='ltr'><strong>interpreti</strong></span> <span class='ocrx_word' id='word_1_8' title='bbox 651 279 750 337; x_wconf 85' lang='lat' dir='ltr'><strong>particula</strong></span> <span class='ocrx_word' id='word_1_9' title='bbox 763 276 824 329; x_wconf 53' lang='grc' dir='ltr'><strong>ὅπως</strong></span> 
     </span>
    </p>
   </div>
   <div class='ocr_carea' id='block_1_3' title="bbox 34 356 825 431">
    <p class='ocr_par' dir='ltr' id='par_1_3' title="bbox 34 356 825 431">
     <span class='ocr_line' id='line_1_3' title="bbox 34 356 825 431; baseline 0.038 -65"><span class='ocrx_word' id='word_1_10' title='bbox 34 364 39 367; x_wconf 83' lang='grc'><em>,</em></span> <span class='ocrx_word' id='word_1_11' title='bbox 72 362 126 402; x_wconf 61' lang='lat' dir='ltr'><strong>cuius</strong></span> <span class='ocrx_word' id='word_1_12' title='bbox 140 360 184 401; x_wconf 92' lang='lat' dir='ltr'><strong>loco</strong></span> <span class='ocrx_word' id='word_1_13' title='bbox 203 356 273 409; x_wconf 86' lang='lat' dir='ltr'><strong>hahet:</strong></span> <span class='ocrx_word' id='word_1_14' title='bbox 292 362 400 431; x_wconf 44' lang='lat' dir='ltr'><strong>PQOOEJ</strong></span> <span class='ocrx_word' id='word_1_15' title='bbox 425 358 482 397; x_wconf 85' lang='lat' dir='ltr'><strong>etiam</strong></span> <span class='ocrx_word' id='word_1_16' title='bbox 497 359 559 418; x_wconf 16' lang='lat' dir='ltr'><strong>‘quod</strong></span> <span class='ocrx_word' id='word_1_17' title='bbox 583 359 670 412; x_wconf 87' lang='lat' dir='ltr'><strong>scquitur</strong></span> <span class='ocrx_word' id='word_1_18' title='bbox 691 358 756 410; x_wconf 71' lang='lat' dir='ltr'><strong>pipam</strong></span> <span class='ocrx_word' id='word_1_19' title='bbox 774 358 825 398; x_wconf 75' lang='lat' dir='ltr'><strong>daci</strong></span> 
     </span>
    </p>
   </div>
   <div class='ocr_carea' id='block_1_4' title="bbox 27 432 882 2339">
    <p class='ocr_par' dir='ltr' id='par_1_4' title="bbox 27 432 882 2339">
     <span class='ocr_line' id='line_1_4' title="bbox 71 432 867 490; baseline -0.006 -13"><span class='ocrx_word' id='word_1_20' title='bbox 71 438 107 477; x_wconf 86' lang='lat' dir='ltr'><strong>vix</strong></span> <span class='ocrx_word' id='word_1_21' title='bbox 115 436 232 487; x_wconf 85' lang='lat' dir='ltr'><strong>intellectum</strong></span> <span class='ocrx_word' id='word_1_22' title='bbox 242 435 292 475; x_wconf 86' lang='lat' dir='ltr'><strong>esta</strong></span> <span class='ocrx_word' id='word_1_23' title='bbox 300 435 394 487; x_wconf 77' lang='lat' dir='ltr'><strong>plurimis.</strong></span> <span class='ocrx_word' id='word_1_24' title='bbox 419 435 530 476; x_wconf 89' lang='lat' dir='ltr'><strong>Nestoriani</strong></span> <span class='ocrx_word' id='word_1_25' title='bbox 539 448 590 489; x_wconf 78' lang='lat' dir='ltr'><strong>aaran,</strong></span> <span class='ocrx_word' id='word_1_26' title='bbox 605 437 684 490; x_wconf 86' lang='lat' dir='ltr'><strong>quaein</strong></span> <span class='ocrx_word' id='word_1_27' title='bbox 694 434 774 475; x_wconf 79' lang='lat' dir='ltr'><strong>Graccis</strong></span> <span class='ocrx_word' id='word_1_28' title='bbox 785 432 824 474; x_wconf 81' lang='lat' dir='ltr'><strong>ali·</strong></span> <span class='ocrx_word' id='word_1_29' title='bbox 864 459 867 461; x_wconf 97' lang='lat'>-</span> 
     </span>
     <span class='ocr_line' id='line_1_5' title="bbox 73 501 825 557; baseline -0.008 -13"><span class='ocrx_word' id='word_1_30' title='bbox 73 504 120 557; x_wconf 86' lang='lat' dir='ltr'><strong>quot</strong></span> <span class='ocrx_word' id='word_1_31' title='bbox 137 503 237 544; x_wconf 77' lang='lat' dir='ltr'><strong>codicibus</strong></span> <span class='ocrx_word' id='word_1_32' title='bbox 254 503 356 554; x_wconf 83' lang='lat' dir='ltr'><strong>exstabat,</strong></span> <span class='ocrx_word' id='word_1_33' title='bbox 376 501 477 542; x_wconf 86' lang='lat' dir='ltr'><strong>lectionem</strong></span> <span class='ocrx_word' id='word_1_34' title='bbox 492 502 560 555; x_wconf 79' lang='grc' dir='ltr'><em>(χωρὶς</em></span> <span class='ocrx_word' id='word_1_35' title='bbox 571 504 629 554; x_wconf 74' lang='grc' dir='ltr'>θεοῦ)</span> <span class='ocrx_word' id='word_1_36' title='bbox 643 502 729 553; x_wconf 80' lang='lat' dir='ltr'><strong>dogmati</strong></span> <span class='ocrx_word' id='word_1_37' title='bbox 741 501 825 553; x_wconf 90' lang='lat' dir='ltr'><strong>ipsorum</strong></span> 
     </span>
     <span class='ocr_line' id='line_1_6' title="bbox 72 562 826 620; baseline -0.005 -11"><span class='ocrx_word' id='word_1_38' title='bbox 72 562 155 610; x_wconf 85' lang='lat' dir='ltr'><strong>rnaxime</strong></span> <span class='ocrx_word' id='word_1_39' title='bbox 170 571 269 610; x_wconf 83' lang='lat' dir='ltr'><strong>laventem</strong></span> <span class='ocrx_word' id='word_1_40' title='bbox 282 569 370 608; x_wconf 89' lang='lat' dir='ltr'><strong>lubenter</strong></span> <span class='ocrx_word' id='word_1_41' title='bbox 385 572 516 620; x_wconf 80' lang='lat' dir='ltr'><strong>exceperunt3</strong></span> <span class='ocrx_word' id='word_1_42' title='bbox 530 570 566 607; x_wconf 91' lang='lat' dir='ltr'><strong>imo</strong></span> <span class='ocrx_word' id='word_1_43' title='bbox 581 562 673 607; x_wconf 73' lang='lat' dir='ltr'><strong>vero‘err</strong></span> <span class='ocrx_word' id='word_1_44' title='bbox 687 567 724 608; x_wconf 90' lang='lat' dir='ltr'><strong>hac</strong></span> <span class='ocrx_word' id='word_1_45' title='bbox 738 569 781 619; x_wconf 86' lang='lat' dir='ltr'><strong>ipsa</strong></span> <span class='ocrx_word' id='word_1_46' title='bbox 794 566 826 605; x_wconf 88' lang='lat' dir='ltr'><strong>lc-</strong></span> 
     </span>
     <span class='ocr_line' id='line_1_7' title="bbox 72 632 827 688; baseline -0.007 -12"><span class='ocrx_word' id='word_1_47' title='bbox 72 636 139 681; x_wconf 55' lang='lat' dir='ltr'><strong>retiorne</strong></span> <span class='ocrx_word' id='word_1_48' title='bbox 153 637 211 676; x_wconf 87' lang='lat' dir='ltr'><strong>totam</strong></span> <span class='ocrx_word' id='word_1_49' title='bbox 225 634 359 675; x_wconf 67' lang='lat' dir='ltr'><strong>Antiochenam</strong></span> <span class='ocrx_word' id='word_1_50' title='bbox 373 634 451 676; x_wconf 86' lang='lat' dir='ltr'><strong>scholae</strong></span> <span class='ocrx_word' id='word_1_51' title='bbox 475 632 568 675; x_wconf 88' lang='lat' dir='ltr'><strong>theoriam</strong></span> <span class='ocrx_word' id='word_1_52' title='bbox 585 645 631 673; x_wconf 83' lang='lat' dir='ltr'><strong>esse</strong></span> <span class='ocrx_word' id='word_1_53' title='bbox 650 636 750 686; x_wconf 77' lang='lat' dir='ltr'><strong>pronatum</strong></span> <span class='ocrx_word' id='word_1_54' title='bbox 771 634 827 688; x_wconf 86' lang='lat' dir='ltr'><strong>quis-</strong></span> 
     </span>
     <span class='ocr_line' id='line_1_8' title="bbox 74 700 824 755; baseline -0.004 -14"><span class='ocrx_word' id='word_1_55' title='bbox 74 703 126 755; x_wconf 85' lang='lat' dir='ltr'><strong>piam</strong></span> <span class='ocrx_word' id='word_1_56' title='bbox 138 702 224 741; x_wconf 74' lang='lat' dir='ltr'><strong>vdiceret</strong></span> <span class='ocrx_word' id='word_1_57' title='bbox 250 701 349 749; x_wconf 82' lang='lat' dir='ltr'><strong>lacobitae</strong></span> <span class='ocrx_word' id='word_1_58' title='bbox 366 701 427 741; x_wconf 90' lang='lat' dir='ltr'><strong>altera</strong></span> <span class='ocrx_word' id='word_1_59' title='bbox 446 703 543 754; x_wconf 87' lang='lat' dir='ltr'><strong>exparte</strong></span> <span class='ocrx_word' id='word_1_60' title='bbox 562 701 624 740; x_wconf 86' lang='lat' dir='ltr'><strong>Deum</strong></span> <span class='ocrx_word' id='word_1_61' title='bbox 642 700 703 752; x_wconf 91' lang='lat' dir='ltr'><strong>ipsum</strong></span> <span class='ocrx_word' id='word_1_62' title='bbox 718 712 763 740; x_wconf 87' lang='lat' dir='ltr'><strong>esse</strong></span> <span class='ocrx_word' id='word_1_63' title='bbox 779 712 824 752; x_wconf 87' lang='lat' dir='ltr'><strong>pas-</strong></span> 
     </span>
     <span class='ocr_line' id='line_1_9' title="bbox 76 756 783 824; baseline -0.001 -17"><span class='ocrx_word' id='word_1_64' title='bbox 76 780 117 807; x_wconf 87' lang='lat' dir='ltr'><strong>sum</strong></span> <span class='ocrx_word' id='word_1_65' title='bbox 130 779 198 807; x_wconf 88' lang='lat' dir='ltr'><strong>sacrae</strong></span> <span class='ocrx_word' id='word_1_66' title='bbox 214 756 327 820; x_wconf 75' lang='lat' dir='ltr'><strong>Scripturas</strong></span> <span class='ocrx_word' id='word_1_67' title='bbox 342 767 406 819; x_wconf 84' lang='lat' dir='ltr'><strong>aliquo</strong></span> <span class='ocrx_word' id='word_1_68' title='bbox 419 767 463 817; x_wconf 82' lang='lat' dir='ltr'><strong>loco</strong></span> <span class='ocrx_word' id='word_1_69' title='bbox 478 767 640 808; x_wconf 83' lang='lat' dir='ltr'><strong>demonstrabant.</strong></span> <span class='ocrx_word' id='word_1_70' title='bbox 781 822 783 824; x_wconf 24' lang='grc'>-</span> 
     </span>
     <span class='ocr_line' id='line_1_10' title="bbox 139 826 829 887; baseline -0.004 -13"><span class='ocrx_word' id='word_1_71' title='bbox 139 832 229 875; x_wconf 77' lang='lat' dir='ltr'><strong>Accedit</strong></span> <span class='ocrx_word' id='word_1_72' title='bbox 243 833 292 875; x_wconf 90' lang='lat' dir='ltr'><strong>aiter</strong></span> <span class='ocrx_word' id='word_1_73' title='bbox 309 833 365 874; x_wconf 87' lang='lat' dir='ltr'><strong>locus</strong></span> <span class='ocrx_word' id='word_1_74' title='bbox 385 831 433 874; x_wconf 74' lang='lat' dir='ltr'><strong>not.</strong></span> <span class='ocrx_word' id='word_1_75' title='bbox 451 833 501 886; x_wconf 87' lang='lat' dir='ltr'><strong>XX,</strong></span> <span class='ocrx_word' id='word_1_76' title='bbox 522 832 567 887; x_wconf 59' lang='lat'><strong>28„</strong></span> <span class='ocrx_word' id='word_1_77' title='bbox 592 834 624 874; x_wconf 88' lang='lat' dir='ltr'><strong>ubi</strong></span> <span class='ocrx_word' id='word_1_78' title='bbox 642 826 692 887; x_wconf 70' lang='lat' dir='ltr'><strong>esrae</strong></span> <span class='ocrx_word' id='word_1_79' title='bbox 710 832 729 872; x_wconf 93' lang='lat' dir='ltr'><strong>in</strong></span> <span class='ocrx_word' id='word_1_80' title='bbox 747 830 829 873; x_wconf 83' lang='lat' dir='ltr'><strong>Graecis</strong></span> 
     </span>
     <span class='ocr_line' id='line_1_11' title="bbox 77 899 830 952; baseline -0.004 -13"><span class='ocrx_word' id='word_1_81' title='bbox 77 900 220 952; x_wconf 83' lang='lat' dir='ltr'><strong>exernplarihus</strong></span> <span class='ocrx_word' id='word_1_82' title='bbox 230 900 330 941; x_wconf 87' lang='lat' dir='ltr'><strong>lectionis</strong></span> <span class='ocrx_word' id='word_1_83' title='bbox 351 899 455 941; x_wconf 79' lang='lat' dir='ltr'><strong>dirersItas</strong></span> <span class='ocrx_word' id='word_1_84' title='bbox 473 903 515 951; x_wconf 79' lang='lat' dir='ltr'><strong>est,</strong></span> <span class='ocrx_word' id='word_1_85' title='bbox 535 901 601 940; x_wconf 88' lang='lat' dir='ltr'><strong>eadem</strong></span> <span class='ocrx_word' id='word_1_86' title='bbox 617 899 740 950; x_wconf 71' lang='lat' dir='ltr'><strong>iuJSyriacis</strong></span> <span class='ocrx_word' id='word_1_87' title='bbox 752 899 830 949; x_wconf 90' lang='lat' dir='ltr'><strong>reperi-</strong></span> 
     </span>
     <span class='ocr_line' id='line_1_12' title="bbox 78 964 829 1020; baseline -0.005 -15"><span class='ocrx_word' id='word_1_88' title='bbox 78 967 116 1020; x_wconf 88' lang='lat' dir='ltr'><strong>tur.</strong></span> <span class='ocrx_word' id='word_1_89' title='bbox 142 967 210 1018; x_wconf 69' lang='lat' dir='ltr'><strong>Vulgo</strong></span> <span class='ocrx_word' id='word_1_90' title='bbox 229 968 278 1006; x_wconf 89' lang='lat' dir='ltr'><strong>euim</strong></span> <span class='ocrx_word' id='word_1_91' title='bbox 293 966 375 1017; x_wconf 81' lang='lat' dir='ltr'><strong>legunt:</strong></span> <span class='ocrx_word' id='word_1_92' title='bbox 391 968 413 1007; x_wconf 87' lang='lat' dir='ltr'><strong>nt</strong></span> <span class='ocrx_word' id='word_1_93' title='bbox 428 967 513 1019; x_wconf 86' lang='lat' dir='ltr'><strong>pascatis</strong></span> <span class='ocrx_word' id='word_1_94' title='bbox 528 967 631 1007; x_wconf 90' lang='lat' dir='ltr'><strong>ecclesiam</strong></span> <span class='ocrx_word' id='word_1_95' title='bbox 647 964 755 1015; x_wconf 74' lang='lat' dir='ltr'><strong>cnr-isti,</strong></span> <span class='ocrx_word' id='word_1_96' title='bbox 773 975 829 1016; x_wconf 89' lang='lat' dir='ltr'><strong>quam</strong></span> 
     </span>
     <span class='ocr_line' id='line_1_13' title="bbox 69 1027 829 1086; baseline -0.007 -15"><span class='ocrx_word' id='word_1_97' title='bbox 69 1034 184 1086; x_wconf 70' lang='lat' dir='ltr'><strong>&#39;acquisivit</strong></span> <span class='ocrx_word' id='word_1_98' title='bbox 205 1031 240 1071; x_wconf 81' lang='lat' dir='ltr'><strong>suo</strong></span> <span class='ocrx_word' id='word_1_99' title='bbox 264 1033 366 1081; x_wconf 73' lang='lat' dir='ltr'><strong>sauguine.</strong></span> <span class='ocrx_word' id='word_1_100' title='bbox 402 1032 518 1076; x_wconf 86' lang='lat' dir='ltr'><strong>Sabariesus</strong></span> <span class='ocrx_word' id='word_1_101' title='bbox 541 1033 647 1084; x_wconf 81' lang='lat' dir='ltr'><strong>presbyter</strong></span> <span class='ocrx_word' id='word_1_102' title='bbox 672 1031 798 1070; x_wconf 82' lang='lat' dir='ltr'><strong>Nestorianus</strong></span> <span class='ocrx_word' id='word_1_103' title='bbox 811 1027 829 1080; x_wconf 79' lang='lat'><strong>¹)</strong></span> 
     </span>
     <span class='ocr_line' id='line_1_14' title="bbox 80 1094 830 1149; baseline -0.003 -13"><span class='ocrx_word' id='word_1_104' title='bbox 80 1100 157 1149; x_wconf 83' lang='lat' dir='ltr'><strong>nronet,</strong></span> <span class='ocrx_word' id='word_1_105' title='bbox 174 1097 270 1138; x_wconf 82' lang='lat' dir='ltr'><strong>lacohilas</strong></span> <span class='ocrx_word' id='word_1_106' title='bbox 284 1098 353 1147; x_wconf 78' lang='lat' dir='ltr'><strong>legere</strong></span> <span class='ocrx_word' id='word_1_107' title='bbox 369 1096 470 1136; x_wconf 87' lang='lat' dir='ltr'><strong>ecclesiam</strong></span> <span class='ocrx_word' id='word_1_108' title='bbox 484 1096 537 1136; x_wconf 90' lang='lat' dir='ltr'><strong>Dei.</strong></span> <span class='ocrx_word' id='word_1_109' title='bbox 562 1097 605 1138; x_wconf 88' lang='lat' dir='ltr'><strong>Hoc</strong></span> <span class='ocrx_word' id='word_1_110' title='bbox 620 1098 644 1137; x_wconf 86' lang='lat' dir='ltr'><strong>de</strong></span> <span class='ocrx_word' id='word_1_111' title='bbox 660 1098 750 1136; x_wconf 84' lang='lat' dir='ltr'><strong>versione</strong></span> <span class='ocrx_word' id='word_1_112' title='bbox 764 1094 830 1135; x_wconf 85' lang='lat' dir='ltr'><strong>Hera-</strong></span> 
     </span>
     <span class='ocr_line' id='line_1_15' title="bbox 79 1156 830 1216; baseline -0.003 -14"><span class='ocrx_word' id='word_1_113' title='bbox 79 1156 308 1212; x_wconf 78' lang='lat' dir='ltr'><strong>cleensiiutelligcndum</strong></span> <span class='ocrx_word' id='word_1_114' title='bbox 324 1174 369 1202; x_wconf 87' lang='lat' dir='ltr'><strong>esse</strong></span> <span class='ocrx_word' id='word_1_115' title='bbox 381 1162 475 1201; x_wconf 82' lang='lat' dir='ltr'><strong>iudicavit</strong></span> <span class='ocrx_word' id='word_1_116' title='bbox 484 1163 568 1216; x_wconf 62' lang='lat' dir='ltr'><strong>⁴primum</strong></span> <span class='ocrx_word' id='word_1_117' title='bbox 584 1162 715 1213; x_wconf 81' lang='lat' dir='ltr'><strong>Assernamrs,</strong></span> <span class='ocrx_word' id='word_1_118' title='bbox 734 1162 770 1201; x_wconf 87' lang='lat' dir='ltr'><strong>scd</strong></span> <span class='ocrx_word' id='word_1_119' title='bbox 784 1173 830 1201; x_wconf 87' lang='lat' dir='ltr'><strong>cor-</strong></span> 
     </span>
     <span class='ocr_line' id='line_1_16' title="bbox 78 1213 831 1281; baseline -0.003 -13"><span class='ocrx_word' id='word_1_120' title='bbox 78 1230 131 1269; x_wconf 82' lang='lat' dir='ltr'><strong>rexit</strong></span> <span class='ocrx_word' id='word_1_121' title='bbox 149 1230 266 1281; x_wconf 83' lang='lat' dir='ltr'><strong>opinionem,</strong></span> <span class='ocrx_word' id='word_1_122' title='bbox 285 1230 388 1281; x_wconf 81' lang='lat' dir='ltr'><strong>postquam</strong></span> <span class='ocrx_word' id='word_1_123' title='bbox 401 1228 420 1266; x_wconf 93' lang='lat' dir='ltr'><strong>in</strong></span> <span class='ocrx_word' id='word_1_124' title='bbox 436 1213 503 1266; x_wconf 74' lang='lat' dir='ltr'><strong>codice</strong></span> <span class='ocrx_word' id='word_1_125' title='bbox 516 1229 599 1278; x_wconf 78' lang='lat' dir='ltr'><strong>Syriaco</strong></span> <span class='ocrx_word' id='word_1_126' title='bbox 616 1228 709 1268; x_wconf 86' lang='lat' dir='ltr'><strong>Vaticano</strong></span> <span class='ocrx_word' id='word_1_127' title='bbox 723 1227 779 1266; x_wconf 81' lang='lat' dir='ltr'>XXI.</span> <span class='ocrx_word' id='word_1_128' title='bbox 795 1222 831 1267; x_wconf 71' lang='lat' dir='ltr'><strong>ec-&#39;</strong></span> 
     </span>
     <span class='ocr_line' id='line_1_17' title="bbox 80 1294 831 1351; baseline -0.004 -15"><span class='ocrx_word' id='word_1_129' title='bbox 80 1294 158 1336; x_wconf 84' lang='lat' dir='ltr'><strong>alesiam</strong></span> <span class='ocrx_word' id='word_1_130' title='bbox 182 1294 257 1349; x_wconf 81' lang='lat' dir='ltr'><strong>„Dei“</strong></span> <span class='ocrx_word' id='word_1_131' title='bbox 277 1296 356 1348; x_wconf 88' lang='lat' dir='ltr'><strong>reperit.</strong></span> <span class='ocrx_word' id='word_1_132' title='bbox 388 1295 433 1335; x_wconf 81' lang='lat' dir='ltr'><strong>uun</strong></span> <span class='ocrx_word' id='word_1_133' title='bbox 453 1294 517 1335; x_wconf 84' lang='lat' dir='ltr'><strong>codex</strong></span> <span class='ocrx_word' id='word_1_134' title='bbox 536 1296 626 1348; x_wconf 88' lang='lat' dir='ltr'><strong>proprius</strong></span> <span class='ocrx_word' id='word_1_135' title='bbox 644 1294 831 1351; x_wconf 87' lang='lat' dir='ltr'><strong>olimlacobitarum</strong></span> 
     </span>
     <span class='ocr_line' id='line_1_18' title="bbox 79 1360 832 1416; baseline 0.001 -16"><span class='ocrx_word' id='word_1_136' title='bbox 79 1364 154 1416; x_wconf 61' lang='lat' dir='ltr'><strong>luitque</strong></span> <span class='ocrx_word' id='word_1_137' title='bbox 172 1364 192 1402; x_wconf 92' lang='lat' dir='ltr'><strong>ni</strong></span> <span class='ocrx_word' id='word_1_138' title='bbox 210 1362 267 1413; x_wconf 79' lang='lat' dir='ltr'><strong>fallor</strong></span> <span class='ocrx_word' id='word_1_139' title='bbox 283 1361 332 1402; x_wconf 90' lang='lat' dir='ltr'><strong>haec</strong></span> <span class='ocrx_word' id='word_1_140' title='bbox 349 1372 411 1401; x_wconf 88' lang='lat' dir='ltr'><strong>rerum</strong></span> <span class='ocrx_word' id='word_1_141' title='bbox 431 1360 525 1413; x_wconf 83' lang='lat' dir='ltr'><strong>conditio,</strong></span> <span class='ocrx_word' id='word_1_142' title='bbox 549 1364 570 1402; x_wconf 88' lang='lat' dir='ltr'><strong>ut</strong></span> <span class='ocrx_word' id='word_1_143' title='bbox 588 1362 697 1401; x_wconf 85' lang='lat' dir='ltr'><strong>Nestoriani</strong></span> <span class='ocrx_word' id='word_1_144' title='bbox 716 1365 781 1401; x_wconf 91' lang='lat' dir='ltr'><strong>omnes</strong></span> <span class='ocrx_word' id='word_1_145' title='bbox 799 1361 832 1401; x_wconf 89' lang='lat' dir='ltr'><strong>le-</strong></span> 
     </span>
     <span class='ocr_line' id='line_1_19' title="bbox 81 1421 833 1481; baseline 0 -14"><span class='ocrx_word' id='word_1_146' title='bbox 81 1429 153 1478; x_wconf 80' lang='lat' dir='ltr'><strong>gerent</strong></span> <span class='ocrx_word' id='word_1_147' title='bbox 162 1457 175 1481; x_wconf 85' lang='lat'><strong>‚‚</strong></span> <span class='ocrx_word' id='word_1_148' title='bbox 182 1428 254 1469; x_wconf 79' lang='lat' dir='ltr'><strong>Christi</strong></span> <span class='ocrx_word' id='word_1_149' title='bbox 261 1428 280 1481; x_wconf 85' lang='lat'><strong>“,</strong></span> <span class='ocrx_word' id='word_1_150' title='bbox 295 1421 462 1468; x_wconf 48' lang='lat' dir='ltr'><strong>lacobitarum&#39;alii</strong></span> <span class='ocrx_word' id='word_1_151' title='bbox 472 1428 549 1467; x_wconf 88' lang='lat' dir='ltr'><strong>codices</strong></span> <span class='ocrx_word' id='word_1_152' title='bbox 558 1427 667 1479; x_wconf 62' lang='lat' dir='ltr'><strong>„chober</strong></span> <span class='ocrx_word' id='word_1_153' title='bbox 676 1425 791 1467; x_wconf 88' lang='lat' dir='ltr'><strong>exhiberent</strong></span> <span class='ocrx_word' id='word_1_154' title='bbox 801 1427 833 1467; x_wconf 89' lang='lat' dir='ltr'><strong>alii</strong></span> 
     </span>
     <span class='ocr_line' id='line_1_20' title="bbox 82 1487 832 1547; baseline -0.004 -12"><span class='ocrx_word' id='word_1_155' title='bbox 82 1494 168 1547; x_wconf 83' lang='lat' dir='ltr'><strong>„Dci“‚</strong></span> <span class='ocrx_word' id='word_1_156' title='bbox 182 1508 238 1547; x_wconf 87' lang='lat' dir='ltr'><strong>quam</strong></span> <span class='ocrx_word' id='word_1_157' title='bbox 253 1494 323 1535; x_wconf 85' lang='lat' dir='ltr'><strong>Graeci</strong></span> <span class='ocrx_word' id='word_1_158' title='bbox 335 1496 403 1535; x_wconf 82' lang='lat' dir='ltr'><strong>textus</strong></span> <span class='ocrx_word' id='word_1_159' title='bbox 411 1494 513 1534; x_wconf 86' lang='lat' dir='ltr'><strong>lectionem</strong></span> <span class='ocrx_word' id='word_1_160' title='bbox 521 1496 624 1544; x_wconf 78' lang='lat' dir='ltr'><strong>geurrinam</strong></span> <span class='ocrx_word' id='word_1_161' title='bbox 633 1496 653 1534; x_wconf 92' lang='lat' dir='ltr'><strong>ct</strong></span> <span class='ocrx_word' id='word_1_162' title='bbox 660 1506 725 1533; x_wconf 85' lang='lat' dir='ltr'><strong>veram</strong></span> <span class='ocrx_word' id='word_1_163' title='bbox 733 1487 832 1533; x_wconf 84' lang='lat' dir='ltr'><strong>hahemus.</strong></span> 
     </span>
     <span class='ocr_line' id='line_1_21' title="bbox 145 1554 836 1614; baseline 0 -14"><span class='ocrx_word' id='word_1_164' title='bbox 145 1560 304 1614; x_wconf 86' lang='lat' dir='ltr'><strong>Nestorianormn</strong></span> <span class='ocrx_word' id='word_1_165' title='bbox 317 1560 431 1612; x_wconf 79' lang='lat' dir='ltr'><strong>scripturam</strong></span> <span class='ocrx_word' id='word_1_166' title='bbox 444 1572 526 1613; x_wconf 85' lang='lat' dir='ltr'><strong>prorsus</strong></span> <span class='ocrx_word' id='word_1_167' title='bbox 538 1561 617 1601; x_wconf 84' lang='lat' dir='ltr'><strong>eandem</strong></span> <span class='ocrx_word' id='word_1_168' title='bbox 633 1572 677 1600; x_wconf 86' lang='lat' dir='ltr'><strong>esse</strong></span> <span class='ocrx_word' id='word_1_169' title='bbox 692 1554 836 1613; x_wconf 44' lang='lat' dir='ltr'><strong>qrrae&#39;estam</strong></span> 
     </span>
     <span class='ocr_line' id='line_1_22' title="bbox 80 1620 834 1680; baseline -0.001 -13"><span class='ocrx_word' id='word_1_170' title='bbox 80 1626 146 1680; x_wconf 81' lang='lat' dir='ltr'><strong>tiquae</strong></span> <span class='ocrx_word' id='word_1_171' title='bbox 160 1620 376 1677; x_wconf 65' lang='lat' dir='ltr'><strong>versionis‘simpliois,</strong></span> <span class='ocrx_word' id='word_1_172' title='bbox 392 1626 434 1666; x_wconf 90' lang='lat' dir='ltr'><strong>aliis</strong></span> <span class='ocrx_word' id='word_1_173' title='bbox 450 1639 525 1679; x_wconf 86' lang='lat' dir='ltr'><strong>quoqne</strong></span> <span class='ocrx_word' id='word_1_174' title='bbox 540 1628 653 1666; x_wconf 78' lang='lat' dir='ltr'><strong>testimoniis</strong></span> <span class='ocrx_word' id='word_1_175' title='bbox 664 1626 769 1678; x_wconf 87' lang='lat' dir='ltr'><strong>probatur.</strong></span> <span class='ocrx_word' id='word_1_176' title='bbox 796 1627 834 1666; x_wconf 80' lang='lat' dir='ltr'><strong>nr-</strong></span> 
     </span>
     <span class='ocr_line' id='line_1_23' title="bbox 81 1689 836 1749; baseline 0.001 -16"><span class='ocrx_word' id='word_1_177' title='bbox 81 1694 130 1733; x_wconf 90' lang='lat' dir='ltr'><strong>euim</strong></span> <span class='ocrx_word' id='word_1_178' title='bbox 138 1695 217 1747; x_wconf 87' lang='lat' dir='ltr'><strong>praeter</strong></span> <span class='ocrx_word' id='word_1_179' title='bbox 227 1689 317 1746; x_wconf 86' lang='lat' dir='ltr'><strong>antiquos</strong></span> <span class='ocrx_word' id='word_1_180' title='bbox 326 1691 371 1731; x_wconf 89' lang='lat' dir='ltr'><strong>illos</strong></span> <span class='ocrx_word' id='word_1_181' title='bbox 382 1693 459 1749; x_wconf 87' lang='lat' dir='ltr'><strong>codices</strong></span> <span class='ocrx_word' id='word_1_182' title='bbox 470 1704 497 1731; x_wconf 84' lang='lat' dir='ltr'><strong>ex</strong></span> <span class='ocrx_word' id='word_1_183' title='bbox 504 1692 645 1745; x_wconf 80' lang='lat' dir='ltr'><strong>Mesopotamia</strong></span> <span class='ocrx_word' id='word_1_184' title='bbox 653 1692 747 1733; x_wconf 88' lang='lat' dir='ltr'><strong>advectos</strong></span> <span class='ocrx_word' id='word_1_185' title='bbox 756 1694 836 1735; x_wconf 86' lang='lat' dir='ltr'><strong>exstant</strong></span> 
     </span>
     <span class='ocr_line' id='line_1_24' title="bbox 81 1756 869 1813; baseline 0.001 -14"><span class='ocrx_word' id='word_1_186' title='bbox 81 1761 101 1799; x_wconf 84' lang='lat' dir='ltr'><strong>iu</strong></span> <span class='ocrx_word' id='word_1_187' title='bbox 109 1757 330 1813; x_wconf 68' lang='lat' dir='ltr'><strong>Europae&#39;bibhornccis</strong></span> <span class='ocrx_word' id='word_1_188' title='bbox 343 1756 375 1796; x_wconf 88' lang='lat' dir='ltr'><strong>alii</strong></span> <span class='ocrx_word' id='word_1_189' title='bbox 383 1758 436 1799; x_wconf 92' lang='lat' dir='ltr'><strong>multi</strong></span> <span class='ocrx_word' id='word_1_190' title='bbox 444 1759 557 1799; x_wconf 82' lang='lat' dir='ltr'><strong>recentioris</strong></span> <span class='ocrx_word' id='word_1_191' title='bbox 569 1759 639 1799; x_wconf 85' lang='lat' dir='ltr'><strong>aetatis</strong></span> <span class='ocrx_word' id='word_1_192' title='bbox 644 1787 650 1810; x_wconf 82' lang='grc'>,</span> <span class='ocrx_word' id='word_1_193' title='bbox 665 1759 697 1811; x_wconf 87' lang='lat' dir='ltr'><strong>qui</strong></span> <span class='ocrx_word' id='word_1_194' title='bbox 705 1757 835 1800; x_wconf 86' lang='lat' dir='ltr'><strong>Nestoriano-</strong></span> <span class='ocrx_word' id='word_1_195' title='bbox 867 1776 869 1779; x_wconf 60' lang='grc'>’</span> 
     </span>
     <span class='ocr_line' id='line_1_25' title="bbox 82 1824 835 1877; baseline 0 -11"><span class='ocrx_word' id='word_1_196' title='bbox 82 1838 123 1866; x_wconf 89' lang='lat' dir='ltr'><strong>rum</strong></span> <span class='ocrx_word' id='word_1_197' title='bbox 136 1829 198 1866; x_wconf 89' lang='lat' dir='ltr'><strong>erant.</strong></span> <span class='ocrx_word' id='word_1_198' title='bbox 225 1824 248 1863; x_wconf 90' lang='lat' dir='ltr'><strong>lu</strong></span> <span class='ocrx_word' id='word_1_199' title='bbox 257 1824 287 1862; x_wconf 89' lang='lat' dir='ltr'><strong>his</strong></span> <span class='ocrx_word' id='word_1_200' title='bbox 296 1824 454 1864; x_wconf 88' lang='lat' dir='ltr'><strong>Nestorianorum</strong></span> <span class='ocrx_word' id='word_1_201' title='bbox 463 1825 561 1865; x_wconf 83' lang='lat' dir='ltr'><strong>codicibus</strong></span> <span class='ocrx_word' id='word_1_202' title='bbox 570 1826 634 1877; x_wconf 88' lang='lat' dir='ltr'><strong>capita</strong></span> <span class='ocrx_word' id='word_1_203' title='bbox 642 1825 720 1874; x_wconf 80' lang='lat' dir='ltr'><strong>integra</strong></span> <span class='ocrx_word' id='word_1_204' title='bbox 730 1827 835 1866; x_wconf 85' lang='lat' dir='ltr'><strong>contulisse</strong></span> 
     </span>
     <span class='ocr_line' id='line_1_26' title="bbox 83 1887 882 1944; baseline 0.004 -14"><span class='ocrx_word' id='word_1_205' title='bbox 83 1901 106 1931; x_wconf 87' lang='lat' dir='ltr'><strong>se</strong></span> <span class='ocrx_word' id='word_1_206' title='bbox 121 1893 205 1933; x_wconf 88' lang='lat' dir='ltr'><strong>testatur</strong></span> <span class='ocrx_word' id='word_1_207' title='bbox 216 1887 377 1942; x_wconf 64' lang='lat' dir='ltr'><strong>Adlerus‘tpag.</strong></span> <span class='ocrx_word' id='word_1_208' title='bbox 394 1887 437 1944; x_wconf 80' lang='lat'><strong>33.)</strong></span> <span class='ocrx_word' id='word_1_209' title='bbox 452 1904 493 1931; x_wconf 89' lang='lat' dir='ltr'><strong>cum</strong></span> <span class='ocrx_word' id='word_1_210' title='bbox 507 1891 603 1932; x_wconf 81' lang='lat' dir='ltr'><strong>versione</strong></span> <span class='ocrx_word' id='word_1_211' title='bbox 613 1893 710 1944; x_wconf 85' lang='lat' dir='ltr'><strong>Simplici,</strong></span> <span class='ocrx_word' id='word_1_212' title='bbox 728 1904 790 1944; x_wconf 89' lang='lat' dir='ltr'><strong>neque</strong></span> <span class='ocrx_word' id='word_1_213' title='bbox 803 1894 836 1933; x_wconf 89' lang='lat' dir='ltr'><strong>ta·</strong></span> <span class='ocrx_word' id='word_1_214' title='bbox 881 1915 882 1918; x_wconf 62' lang='lat'><em>=</em></span> 
     </span>
     <span class='ocr_line' id='line_1_27' title="bbox 82 1955 836 2011; baseline 0.005 -14"><span class='ocrx_word' id='word_1_215' title='bbox 82 1969 126 1997; x_wconf 87' lang='lat' dir='ltr'><strong>meu</strong></span> <span class='ocrx_word' id='word_1_216' title='bbox 139 1958 191 1997; x_wconf 88' lang='lat' dir='ltr'><strong>ullas</strong></span> <span class='ocrx_word' id='word_1_217' title='bbox 204 1957 241 1997; x_wconf 85' lang='lat' dir='ltr'><strong>nisi</strong></span> <span class='ocrx_word' id='word_1_218' title='bbox 254 1957 306 1995; x_wconf 82' lang='lat' dir='ltr'><strong>forte</strong></span> <span class='ocrx_word' id='word_1_219' title='bbox 320 1955 472 2008; x_wconf 80' lang='lat' dir='ltr'><strong>orthographiae</strong></span> <span class='ocrx_word' id='word_1_220' title='bbox 486 1957 626 2009; x_wconf 87' lang='lat' dir='ltr'><strong>discrepantias</strong></span> <span class='ocrx_word' id='word_1_221' title='bbox 639 1957 797 1998; x_wconf 81' lang='lat' dir='ltr'><strong>animadvertisse</strong></span> <span class='ocrx_word' id='word_1_222' title='bbox 807 1956 836 2011; x_wconf 80' lang='grc'><strong>2].</strong></span> 
     </span>
     <span class='ocr_line' id='line_1_28' title="bbox 147 2022 837 2075; baseline 0.003 -12"><span class='ocrx_word' id='word_1_223' title='bbox 147 2024 180 2063; x_wconf 81' lang='lat' dir='ltr'><strong>Ex</strong></span> <span class='ocrx_word' id='word_1_224' title='bbox 197 2023 227 2063; x_wconf 90' lang='lat' dir='ltr'><strong>his</strong></span> <span class='ocrx_word' id='word_1_225' title='bbox 246 2023 332 2062; x_wconf 72' lang='lat' dir='ltr'><strong>orionibus</strong></span> <span class='ocrx_word' id='word_1_226' title='bbox 348 2022 453 2074; x_wconf 80' lang='lat' dir='ltr'><strong>probatur,</strong></span> <span class='ocrx_word' id='word_1_227' title='bbox 470 2024 550 2074; x_wconf 64' lang='lat' dir='ltr'><strong>,teritum</strong></span> <span class='ocrx_word' id='word_1_228' title='bbox 565 2024 661 2063; x_wconf 86' lang='lat' dir='ltr'><strong>versionis</strong></span> <span class='ocrx_word' id='word_1_229' title='bbox 676 2023 773 2075; x_wconf 84' lang='lat' dir='ltr'><strong>Simplicis</strong></span> <span class='ocrx_word' id='word_1_230' title='bbox 788 2026 837 2066; x_wconf 91' lang='lat' dir='ltr'><strong>satis</strong></span> 
     </span>
     <span class='ocr_line' id='line_1_29' title="bbox 27 2087 837 2144; baseline -0.004 -13"><span class='ocrx_word' id='word_1_231' title='bbox 27 2127 30 2131; x_wconf 94' lang='grc'><em>,</em></span> <span class='ocrx_word' id='word_1_232' title='bbox 83 2088 121 2127; x_wconf 87' lang='lat' dir='ltr'><strong>sibi</strong></span> <span class='ocrx_word' id='word_1_233' title='bbox 140 2090 305 2131; x_wconf 64' lang='lat' dir='ltr'><strong>consenum-,et</strong></span> <span class='ocrx_word' id='word_1_234' title='bbox 326 2087 431 2144; x_wconf 89' lang='lat' dir='ltr'><strong>stabilitum</strong></span> <span class='ocrx_word' id='word_1_235' title='bbox 454 2088 515 2128; x_wconf 83' lang='lat' dir='ltr'><strong>fuisse</strong></span> <span class='ocrx_word' id='word_1_236' title='bbox 533 2101 598 2130; x_wconf 84' lang='lat' dir='ltr'><strong>saeco.</strong></span> <span class='ocrx_word' id='word_1_237' title='bbox 617 2090 643 2129; x_wconf 88' lang='lat' dir='ltr'><strong>V.</strong></span> <span class='ocrx_word' id='word_1_238' title='bbox 663 2092 684 2130; x_wconf 90' lang='lat' dir='ltr'><strong>et</strong></span> <span class='ocrx_word' id='word_1_239' title='bbox 699 2090 745 2136; x_wconf 85' lang='lat' dir='ltr'>V1.;</span> <span class='ocrx_word' id='word_1_240' title='bbox 769 2091 837 2130; x_wconf 91' lang='lat' dir='ltr'><strong>etenim</strong></span> 
     </span>
     <span class='ocr_line' id='line_1_30' title="bbox 83 2153 864 2207; baseline 0.003 -14"><span class='ocrx_word' id='word_1_241' title='bbox 83 2154 123 2193; x_wconf 89' lang='lat' dir='ltr'><strong>tum</strong></span> <span class='ocrx_word' id='word_1_242' title='bbox 137 2155 175 2205; x_wconf 90' lang='lat' dir='ltr'><strong>ipsi</strong></span> <span class='ocrx_word' id='word_1_243' title='bbox 189 2154 276 2206; x_wconf 81' lang='lat' dir='ltr'><strong>codices,</strong></span> <span class='ocrx_word' id='word_1_244' title='bbox 292 2154 325 2206; x_wconf 88' lang='lat' dir='ltr'><strong>qui</strong></span> <span class='ocrx_word' id='word_1_245' title='bbox 338 2153 376 2192; x_wconf 88' lang='lat' dir='ltr'><strong>illis</strong></span> <span class='ocrx_word' id='word_1_246' title='bbox 390 2153 474 2193; x_wconf 81' lang='lat' dir='ltr'><strong>saeculis</strong></span> <span class='ocrx_word' id='word_1_247' title='bbox 488 2154 507 2193; x_wconf 91' lang='lat' dir='ltr'><strong>in</strong></span> <span class='ocrx_word' id='word_1_248' title='bbox 515 2154 657 2207; x_wconf 85' lang='lat' dir='ltr'><strong>Mesopotamia</strong></span> <span class='ocrx_word' id='word_1_249' title='bbox 671 2156 739 2207; x_wconf 88' lang='lat' dir='ltr'><strong>scripti</strong></span> <span class='ocrx_word' id='word_1_250' title='bbox 752 2157 837 2197; x_wconf 89' lang='lat' dir='ltr'><strong>aetatem</strong></span> <span class='ocrx_word' id='word_1_251' title='bbox 863 2189 864 2192; x_wconf 65' lang='grc'>,</span> 
     </span>
     <span class='ocr_line' id='line_1_31' title="bbox 84 2214 838 2271; baseline 0.008 -15"><span class='ocrx_word' id='word_1_252' title='bbox 84 2214 180 2270; x_wconf 82' lang='lat' dir='ltr'><strong>tulerunt,</strong></span> <span class='ocrx_word' id='word_1_253' title='bbox 199 2222 238 2261; x_wconf 89' lang='lat' dir='ltr'><strong>tum</strong></span> <span class='ocrx_word' id='word_1_254' title='bbox 252 2218 368 2271; x_wconf 88' lang='lat' dir='ltr'><strong>posterioris</strong></span> <span class='ocrx_word' id='word_1_255' title='bbox 382 2219 475 2271; x_wconf 88' lang='lat' dir='ltr'><strong>temporis</strong></span> <span class='ocrx_word' id='word_1_256' title='bbox 490 2222 510 2261; x_wconf 89' lang='lat' dir='ltr'><strong>ct</strong></span> <span class='ocrx_word' id='word_1_257' title='bbox 524 2220 652 2262; x_wconf 80' lang='lat' dir='ltr'><strong>lacebitarum</strong></span> <span class='ocrx_word' id='word_1_258' title='bbox 667 2222 687 2261; x_wconf 89' lang='lat' dir='ltr'><strong>et</strong></span> <span class='ocrx_word' id='word_1_259' title='bbox 700 2222 838 2262; x_wconf 82' lang='lat' dir='ltr'><strong>Maronitarum</strong></span> 
     </span>
     <span class='ocr_line' id='line_1_32' title="bbox 86 2282 838 2339; baseline 0.009 -18"><span class='ocrx_word' id='word_1_260' title='bbox 86 2282 272 2326; x_wconf 87' lang='lat' dir='ltr'><strong>etNestorianorum</strong></span> <span class='ocrx_word' id='word_1_261' title='bbox 287 2286 308 2326; x_wconf 89' lang='lat' dir='ltr'><strong>et</strong></span> <span class='ocrx_word' id='word_1_262' title='bbox 320 2283 454 2325; x_wconf 84' lang='lat' dir='ltr'><strong>hlelclritarum</strong></span> <span class='ocrx_word' id='word_1_263' title='bbox 468 2287 565 2339; x_wconf 86' lang='lat' dir='ltr'><strong>scriptura</strong></span> <span class='ocrx_word' id='word_1_264' title='bbox 579 2289 659 2328; x_wconf 88' lang='lat' dir='ltr'><strong>cundem</strong></span> <span class='ocrx_word' id='word_1_265' title='bbox 675 2288 749 2327; x_wconf 86' lang='lat' dir='ltr'><strong>omnino</strong></span> <span class='ocrx_word' id='word_1_266' title='bbox 763 2289 838 2329; x_wconf 80' lang='lat' dir='ltr'><strong>textuum</strong></span> 
     </span>
    </p>
   </div>
   <div class='ocr_carea' id='block_1_5' title="bbox 86 2387 215 2396">
    <p class='ocr_par' dir='ltr' id='par_1_5' title="bbox 86 2387 215 2396">
     <span class='ocr_line' id='line_1_33' title="bbox 86 2387 215 2396; baseline 0.023 -3"><span class='ocrx_word' id='word_1_267' title='bbox 86 2387 215 2396; x_wconf 37' lang='grc' dir='ltr'><strong>’Ἢ</strong></span> 
     </span>
    </p>
   </div>
   <div class='ocr_carea' id='block_1_6' title="bbox 25 2451 853 2564">
    <p class='ocr_par' dir='ltr' id='par_1_6' title="bbox 25 2451 853 2564">
     <span class='ocr_line' id='line_1_34' title="bbox 25 2451 853 2521; baseline 0.018 -31"><span class='ocrx_word' id='word_1_268' title='bbox 25 2451 28 2455; x_wconf 82' lang='grc'><strong><em>’</em></strong></span> <span class='ocrx_word' id='word_1_269' title='bbox 87 2458 136 2521; x_wconf 77' lang='lat' dir='ltr'><strong>Dei.“</strong></span> <span class='ocrx_word' id='word_1_270' title='bbox 159 2462 204 2496; x_wconf 79' lang='lat' dir='ltr'><strong>(litat</strong></span> <span class='ocrx_word' id='word_1_271' title='bbox 219 2461 324 2507; x_wconf 87' lang='lat' dir='ltr'><strong>Ephraemns</strong></span> <span class='ocrx_word' id='word_1_272' title='bbox 338 2471 405 2496; x_wconf 89' lang='lat' dir='ltr'><strong>rersrrm</strong></span> <span class='ocrx_word' id='word_1_273' title='bbox 422 2467 499 2498; x_wconf 81' lang='lat' dir='ltr'><strong>nostrum</strong></span> <span class='ocrx_word' id='word_1_274' title='bbox 516 2462 546 2507; x_wconf 84' lang='lat' dir='ltr'><strong>Op.</strong></span> <span class='ocrx_word' id='word_1_275' title='bbox 563 2463 600 2513; x_wconf 77' lang='lat' dir='ltr'><strong>Syr.</strong></span> <span class='ocrx_word' id='word_1_276' title='bbox 617 2465 629 2499; x_wconf 86' lang='lat' dir='ltr'><strong>i.</strong></span> <span class='ocrx_word' id='word_1_277' title='bbox 642 2474 682 2510; x_wconf 81' lang='lat' dir='ltr'><strong>pag.</strong></span> <span class='ocrx_word' id='word_1_278' title='bbox 693 2469 729 2509; x_wconf 45' lang='lat'><strong>764</strong></span> <span class='ocrx_word' id='word_1_279' title='bbox 745 2467 775 2516; x_wconf 85' lang='lat' dir='ltr'><strong>sed</strong></span> <span class='ocrx_word' id='word_1_280' title='bbox 785 2468 853 2512; x_wconf 56' lang='lat' dir='ltr'><strong>rerba⁴</strong></span> 
     </span>
     <span class='ocr_line' id='line_1_35' title="bbox 86 2516 668 2564; baseline 0.031 -18"><span class='ocrx_word' id='word_1_281' title='bbox 86 2523 147 2558; x_wconf 80' lang='lat' dir='ltr'><strong>priora</strong></span> <span class='ocrx_word' id='word_1_282' title='bbox 158 2518 260 2564; x_wconf 77' lang='lat' dir='ltr'><strong>omittuntur.</strong></span> <span class='ocrx_word' id='word_1_283' title='bbox 666 2516 668 2518; x_wconf 28' lang='lat'><strong><em>¹</em></strong></span> 
     </span>
    </p>
   </div>
   <div class='ocr_carea' id='block_1_7' title="bbox 88 2571 840 2748">
    <p class='ocr_par' dir='ltr' id='par_1_7' title="bbox 88 2571 840 2748">
     <span class='ocr_line' id='line_1_36' title="bbox 153 2571 391 2626; baseline 0.025 -13"><span class='ocrx_word' id='word_1_284' title='bbox 153 2578 172 2623; x_wconf 92' lang='lat'><strong>1)</strong></span> <span class='ocrx_word' id='word_1_285' title='bbox 181 2571 247 2617; x_wconf 78' lang='lat' dir='ltr'><strong>hssem.</strong></span> <span class='ocrx_word' id='word_1_286' title='bbox 257 2581 289 2616; x_wconf 85' lang='lat' dir='ltr'><strong>ill.</strong></span> <span class='ocrx_word' id='word_1_287' title='bbox 301 2591 341 2626; x_wconf 46' lang='lat' dir='ltr'><strong>phgr</strong></span> <span class='ocrx_word' id='word_1_288' title='bbox 353 2582 391 2619; x_wconf 71' lang='lat' dir='ltr'><strong>aba.</strong></span> 
     </span>
     <span class='ocr_line' id='line_1_37' title="bbox 153 2642 839 2686; baseline 0.012 -10"><span class='ocrx_word' id='word_1_289' title='bbox 153 2642 174 2686; x_wconf 78' lang='lat'><strong>2)</strong></span> <span class='ocrx_word' id='word_1_290' title='bbox 187 2642 327 2680; x_wconf 79' lang='lat' dir='ltr'><strong>Bar-Hebraeus</strong></span> <span class='ocrx_word' id='word_1_291' title='bbox 342 2648 384 2681; x_wconf 84' lang='lat' dir='ltr'><strong>citat</strong></span> <span class='ocrx_word' id='word_1_292' title='bbox 396 2648 483 2682; x_wconf 77' lang='lat' dir='ltr'><strong>variantes</strong></span> <span class='ocrx_word' id='word_1_293' title='bbox 499 2647 581 2682; x_wconf 85' lang='lat' dir='ltr'><strong>lectiones</strong></span> <span class='ocrx_word' id='word_1_294' title='bbox 594 2647 741 2684; x_wconf 80' lang='lat' dir='ltr'><strong>Nestorianorum</strong></span> <span class='ocrx_word' id='word_1_295' title='bbox 764 2647 839 2685; x_wconf 63' lang='lat' dir='ltr'><strong>Has&#39;ac-</strong></span> 
     </span>
     <span class='ocr_line' id='line_1_38' title="bbox 88 2697 840 2748; baseline 0.012 -18"><span class='ocrx_word' id='word_1_296' title='bbox 88 2699 150 2731; x_wconf 75' lang='lat' dir='ltr'><strong>curare</strong></span> <span class='ocrx_word' id='word_1_297' title='bbox 158 2699 176 2731; x_wconf 90' lang='lat' dir='ltr'><strong>in</strong></span> <span class='ocrx_word' id='word_1_298' title='bbox 188 2698 246 2732; x_wconf 83' lang='lat' dir='ltr'><strong>codice</strong></span> <span class='ocrx_word' id='word_1_299' title='bbox 257 2697 384 2735; x_wconf 83' lang='lat' dir='ltr'><strong>Bar-Hebraei</strong></span> <span class='ocrx_word' id='word_1_300' title='bbox 395 2701 467 2735; x_wconf 79' lang='lat' dir='ltr'><strong>contulit</strong></span> <span class='ocrx_word' id='word_1_301' title='bbox 475 2700 581 2735; x_wconf 77' lang='lat' dir='ltr'><strong>Wisemarms</strong></span> <span class='ocrx_word' id='word_1_302' title='bbox 593 2712 624 2736; x_wconf 87' lang='lat' dir='ltr'><strong>nec</strong></span> <span class='ocrx_word' id='word_1_303' title='bbox 635 2712 709 2746; x_wconf 84' lang='lat' dir='ltr'><strong>unquam</strong></span> <span class='ocrx_word' id='word_1_304' title='bbox 719 2704 784 2737; x_wconf 77' lang='lat' dir='ltr'><strong>inuenit</strong></span> <span class='ocrx_word' id='word_1_305' title='bbox 797 2715 840 2748; x_wconf 85' lang='lat' dir='ltr'><strong>pun-</strong></span> 
     </span>
    </p>
   </div>
   <div class='ocr_carea' id='block_1_8' title="bbox 89 2744 839 2854">
    <p class='ocr_par' dir='ltr' id='par_1_8' title="bbox 89 2744 839 2854">
     <span class='ocr_line' id='line_1_39' title="bbox 89 2744 839 2802; baseline 0.016 -19"><span class='ocrx_word' id='word_1_306' title='bbox 89 2753 153 2786; x_wconf 78' lang='lat' dir='ltr'><strong>crorum</strong></span> <span class='ocrx_word' id='word_1_307' title='bbox 170 2757 187 2787; x_wconf 83' lang='lat' dir='ltr'><strong>ct</strong></span> <span class='ocrx_word' id='word_1_308' title='bbox 202 2744 268 2798; x_wconf 84' lang='lat' dir='ltr'><strong>apicum</strong></span> <span class='ocrx_word' id='word_1_309' title='bbox 285 2752 415 2796; x_wconf 81' lang='lat' dir='ltr'><strong>discrepantiam</strong></span> <span class='ocrx_word' id='word_1_310' title='bbox 431 2755 523 2798; x_wconf 69' lang='lat' dir='ltr'><strong>enccdurc,</strong></span> <span class='ocrx_word' id='word_1_311' title='bbox 544 2760 614 2802; x_wconf 84' lang='lat' dir='ltr'><strong>excepto</strong></span> <span class='ocrx_word' id='word_1_312' title='bbox 631 2768 664 2792; x_wconf 91' lang='lat' dir='ltr'><strong>uno</strong></span> <span class='ocrx_word' id='word_1_313' title='bbox 681 2757 741 2793; x_wconf 82' lang='lat' dir='ltr'><strong>forsan</strong></span> <span class='ocrx_word' id='word_1_314' title='bbox 756 2762 773 2793; x_wconf 81' lang='lat' dir='ltr'><strong>et</strong></span> <span class='ocrx_word' id='word_1_315' title='bbox 784 2759 839 2795; x_wconf 83' lang='lat' dir='ltr'><strong>altero</strong></span> 
     </span>
     <span class='ocr_line' id='line_1_40' title="bbox 89 2806 522 2854; baseline 0.014 -14"><span class='ocrx_word' id='word_1_316' title='bbox 89 2806 137 2850; x_wconf 82' lang='lat' dir='ltr'><strong>loeo,</strong></span> <span class='ocrx_word' id='word_1_317' title='bbox 152 2809 170 2843; x_wconf 89' lang='lat' dir='ltr'><strong>in</strong></span> <span class='ocrx_word' id='word_1_318' title='bbox 183 2819 202 2844; x_wconf 91' lang='lat' dir='ltr'><strong>rc</strong></span> <span class='ocrx_word' id='word_1_319' title='bbox 213 2808 276 2844; x_wconf 89' lang='lat' dir='ltr'><strong>nullius</strong></span> <span class='ocrx_word' id='word_1_320' title='bbox 286 2810 371 2843; x_wconf 80' lang='lat' dir='ltr'><strong>rnornenli.</strong></span> <span class='ocrx_word' id='word_1_321' title='bbox 383 2810 394 2842; x_wconf 94' lang='lat' dir='ltr'><strong>l.</strong></span> <span class='ocrx_word' id='word_1_322' title='bbox 407 2820 420 2845; x_wconf 88' lang='lat' dir='ltr'><strong>c.</strong></span> <span class='ocrx_word' id='word_1_323' title='bbox 432 2819 472 2854; x_wconf 78' lang='lat' dir='ltr'><strong>pag.</strong></span> <span class='ocrx_word' id='word_1_324' title='bbox 485 2811 522 2846; x_wconf 70' lang='lat'>141.</span> 
     </span>
    </p>
   </div>
   <div class='ocr_carea' id='block_1_9' title="bbox 0 0 919 3062">
    <p class='ocr_par' dir='ltr' id='par_1_9' title="bbox 0 0 919 3062">
     <span class='ocr_line' id='line_1_41' title="bbox 0 0 919 3062; baseline 0 0"><span class='ocrx_word' id='word_1_325' title='bbox 0 0 919 3062; x_wconf 95' lang='lat' dir='ltr'><strong> </strong></span> 
     </span>
    </p>
   </div>
  </div>
 </body>
</html>
