<?xml version="1.0" encoding="UTF-8"?>
<!DOCTYPE html PUBLIC "-//W3C//DTD XHTML 1.0 Transitional//EN"
    "http://www.w3.org/TR/xhtml1/DTD/xhtml1-transitional.dtd">
<html xmlns="http://www.w3.org/1999/xhtml" xml:lang="en" lang="en">
 <head>
  <title>
</title>
<meta http-equiv="Content-Type" content="text/html;charset=utf-8" />
  <meta name='ocr-system' content='tesseract 3.04.00' />
  <meta name='ocr-capabilities' content='ocr_page ocr_carea ocr_par ocr_line ocrx_word'/>
</head>
<body>
  <div class='ocr_page' id='page_1' title='image "MN41905ucmf_0_0085.png"; bbox 0 0 1786 3062; ppageno 0'>
   <div class='ocr_carea' id='block_1_1' title="bbox 774 124 803 166">
    <p class='ocr_par' dir='ltr' id='par_1_1' title="bbox 774 124 803 166">
     <span class='ocr_line' id='line_1_1' title="bbox 774 124 803 166; baseline -0.034 0"><span class='ocrx_word' id='word_1_1' title='bbox 774 124 803 166; x_wconf 81' lang='lat'><strong>55</strong></span> 
     </span>
    </p>
   </div>
   <div class='ocr_carea' id='block_1_2' title="bbox 22 231 881 2261">
    <p class='ocr_par' dir='ltr' id='par_1_2' title="bbox 46 231 800 748">
     <span class='ocr_line' id='line_1_2' title="bbox 79 231 800 291; baseline 0.006 -22"><span class='ocrx_word' id='word_1_2' title='bbox 79 288 81 291; x_wconf 27' lang='grc' dir='ltr'>Ι</span> <span class='ocrx_word' id='word_1_3' title='bbox 113 231 177 272; x_wconf 84' lang='lat' dir='ltr'><strong>Silent</strong></span> <span class='ocrx_word' id='word_1_4' title='bbox 191 233 331 285; x_wconf 76' lang='lat' dir='ltr'><strong>Apostolorum</strong></span> <span class='ocrx_word' id='word_1_5' title='bbox 347 236 421 288; x_wconf 86' lang='lat' dir='ltr'><strong>scripta</strong></span> <span class='ocrx_word' id='word_1_6' title='bbox 438 237 483 275; x_wconf 88' lang='lat' dir='ltr'><strong>ante</strong></span> <span class='ocrx_word' id='word_1_7' title='bbox 496 235 610 288; x_wconf 81' lang='lat' dir='ltr'><strong>expugnate</strong></span> <span class='ocrx_word' id='word_1_8' title='bbox 626 233 763 286; x_wconf 85' lang='lat' dir='ltr'><strong>Hierosolyma</strong></span> <span class='ocrx_word' id='word_1_9' title='bbox 775 234 800 289; x_wconf 77' lang='grc' dir='ltr'><strong>ι].</strong></span> 
     </span>
     <span class='ocr_line' id='line_1_3' title="bbox 48 295 799 354; baseline 0.007 -19"><span class='ocrx_word' id='word_1_10' title='bbox 48 297 102 351; x_wconf 79' lang='lat' dir='ltr'><strong>Quae</strong></span> <span class='ocrx_word' id='word_1_11' title='bbox 121 295 211 347; x_wconf 88' lang='lat' dir='ltr'><strong>Christus</strong></span> <span class='ocrx_word' id='word_1_12' title='bbox 231 301 275 352; x_wconf 90' lang='lat' dir='ltr'><strong>ipse</strong></span> <span class='ocrx_word' id='word_1_13' title='bbox 293 302 455 354; x_wconf 83' lang='lat' dir='ltr'><strong>omnesqueeius</strong></span> <span class='ocrx_word' id='word_1_14' title='bbox 472 301 567 354; x_wconf 82' lang='lat' dir='ltr'><strong>Apostoli</strong></span> <span class='ocrx_word' id='word_1_15' title='bbox 583 301 683 343; x_wconf 85' lang='lat' dir='ltr'><strong>vaticinati</strong></span> <span class='ocrx_word' id='word_1_16' title='bbox 701 301 756 353; x_wconf 88' lang='lat' dir='ltr'><strong>sunt,</strong></span> <span class='ocrx_word' id='word_1_17' title='bbox 774 301 799 349; x_wconf 85' lang='lat' dir='ltr'><strong>ad</strong></span> 
     </span>
     <span class='ocr_line' id='line_1_4' title="bbox 47 363 800 421; baseline 0.009 -20"><span class='ocrx_word' id='word_1_18' title='bbox 47 363 101 402; x_wconf 86' lang='lat' dir='ltr'><strong>linem</strong></span> <span class='ocrx_word' id='word_1_19' title='bbox 122 365 343 412; x_wconf 83' lang='lat' dir='ltr'><strong>eteonsummatieuem</strong></span> <span class='ocrx_word' id='word_1_20' title='bbox 363 369 423 410; x_wconf 82' lang='lat' dir='ltr'><strong>onmia</strong></span> <span class='ocrx_word' id='word_1_21' title='bbox 441 380 559 421; x_wconf 87' lang='lat' dir='ltr'><strong>pervenere.</strong></span> <span class='ocrx_word' id='word_1_22' title='bbox 590 368 732 420; x_wconf 80' lang='lat' dir='ltr'><strong>Hierosolymis</strong></span> <span class='ocrx_word' id='word_1_23' title='bbox 751 367 800 408; x_wconf 82' lang='lat' dir='ltr'><strong>exiit</strong></span> 
     </span>
     <span class='ocr_line' id='line_1_5' title="bbox 46 430 797 485; baseline 0.008 -19"><span class='ocrx_word' id='word_1_24' title='bbox 46 430 65 466; x_wconf 92' lang='lat' dir='ltr'><strong>in</strong></span> <span class='ocrx_word' id='word_1_25' title='bbox 82 430 143 468; x_wconf 89' lang='lat' dir='ltr'><strong>totum</strong></span> <span class='ocrx_word' id='word_1_26' title='bbox 161 433 225 470; x_wconf 84' lang='lat' dir='ltr'><strong>orbem</strong></span> <span class='ocrx_word' id='word_1_27' title='bbox 238 432 367 483; x_wconf 78' lang='lat' dir='ltr'><strong>Evangelium</strong></span> <span class='ocrx_word' id='word_1_28' title='bbox 381 434 463 485; x_wconf 80' lang='lat' dir='ltr'><strong>Christi,</strong></span> <span class='ocrx_word' id='word_1_29' title='bbox 485 434 520 473; x_wconf 91' lang='lat' dir='ltr'><strong>sed</strong></span> <span class='ocrx_word' id='word_1_30' title='bbox 533 445 574 472; x_wconf 87' lang='lat' dir='ltr'><strong>eum</strong></span> <span class='ocrx_word' id='word_1_31' title='bbox 588 432 692 484; x_wconf 89' lang='lat' dir='ltr'><strong>Apostolis</strong></span> <span class='ocrx_word' id='word_1_32' title='bbox 707 433 797 474; x_wconf 85' lang='lat' dir='ltr'><strong>exierunt</strong></span> 
     </span>
     <span class='ocr_line' id='line_1_6' title="bbox 46 495 796 553; baseline 0.008 -21"><span class='ocrx_word' id='word_1_33' title='bbox 46 495 64 532; x_wconf 90' lang='lat' dir='ltr'><strong>iu</strong></span> <span class='ocrx_word' id='word_1_34' title='bbox 84 506 156 534; x_wconf 89' lang='lat' dir='ltr'><strong>onmenr</strong></span> <span class='ocrx_word' id='word_1_35' title='bbox 176 499 245 536; x_wconf 89' lang='lat' dir='ltr'><strong>terram</strong></span> <span class='ocrx_word' id='word_1_36' title='bbox 260 499 316 538; x_wconf 88' lang='lat' dir='ltr'><strong>etlam</strong></span> <span class='ocrx_word' id='word_1_37' title='bbox 332 495 472 551; x_wconf 71' lang='lat' dir='ltr'><strong>simulatores,&#39;</strong></span> <span class='ocrx_word' id='word_1_38' title='bbox 484 499 575 551; x_wconf 82' lang='lat' dir='ltr'><strong>imprimis</strong></span> <span class='ocrx_word' id='word_1_39' title='bbox 590 498 667 550; x_wconf 84' lang='lat' dir='ltr'><strong>ludaei,</strong></span> <span class='ocrx_word' id='word_1_40' title='bbox 685 502 796 553; x_wconf 85' lang='lat' dir='ltr'><strong>quiveram</strong></span> 
     </span>
     <span class='ocr_line' id='line_1_7' title="bbox 46 553 796 615; baseline 0.007 -16"><span class='ocrx_word' id='word_1_41' title='bbox 46 562 66 599; x_wconf 89' lang='lat' dir='ltr'><strong>et</strong></span> <span class='ocrx_word' id='word_1_42' title='bbox 78 562 183 603; x_wconf 86' lang='lat' dir='ltr'><strong>salvificam</strong></span> <span class='ocrx_word' id='word_1_43' title='bbox 197 565 300 610; x_wconf 79' lang='lat' dir='ltr'><strong>doctrinam</strong></span> <span class='ocrx_word' id='word_1_44' title='bbox 314 553 465 607; x_wconf 83' lang='lat' dir='ltr'><strong>contammarunt</strong></span> <span class='ocrx_word' id='word_1_45' title='bbox 475 566 536 615; x_wconf 63' lang='lat' dir='ltr'><strong>,atque</strong></span> <span class='ocrx_word' id='word_1_46' title='bbox 550 566 696 615; x_wconf 85' lang='lat' dir='ltr'><strong>perverterunt.</strong></span> <span class='ocrx_word' id='word_1_47' title='bbox 724 566 796 604; x_wconf 84' lang='lat' dir='ltr'><strong>Arrtio-</strong></span> 
     </span>
     <span class='ocr_line' id='line_1_8' title="bbox 46 625 796 684; baseline 0.004 -18"><span class='ocrx_word' id='word_1_48' title='bbox 46 626 100 666; x_wconf 86' lang='lat' dir='ltr'><strong>chiae</strong></span> <span class='ocrx_word' id='word_1_49' title='bbox 118 641 142 667; x_wconf 90' lang='lat' dir='ltr'><strong>eo</strong></span> <span class='ocrx_word' id='word_1_50' title='bbox 161 625 297 682; x_wconf 81' lang='lat' dir='ltr'><strong>proiecerunt,</strong></span> <span class='ocrx_word' id='word_1_51' title='bbox 321 635 343 672; x_wconf 91' lang='lat' dir='ltr'><strong>ut</strong></span> <span class='ocrx_word' id='word_1_52' title='bbox 360 634 403 684; x_wconf 86' lang='lat' dir='ltr'><strong>ipse</strong></span> <span class='ocrx_word' id='word_1_53' title='bbox 415 632 487 671; x_wconf 87' lang='lat' dir='ltr'><strong>Petrus</strong></span> <span class='ocrx_word' id='word_1_54' title='bbox 502 632 526 670; x_wconf 69' lang='lat' dir='ltr'><strong>&#39;et</strong></span> <span class='ocrx_word' id='word_1_55' title='bbox 544 630 645 670; x_wconf 84' lang='lat' dir='ltr'><strong>Barnabas</strong></span> <span class='ocrx_word' id='word_1_56' title='bbox 659 642 695 681; x_wconf 93' lang='lat' dir='ltr'><strong>pro</strong></span> <span class='ocrx_word' id='word_1_57' title='bbox 710 631 796 681; x_wconf 86' lang='lat' dir='ltr'><strong>tempere</strong></span> 
     </span>
     <span class='ocr_line' id='line_1_9' title="bbox 47 693 796 748; baseline 0.003 -16"><span class='ocrx_word' id='word_1_58' title='bbox 47 693 71 748; x_wconf 85' lang='lat' dir='ltr'><strong>ad</strong></span> <span class='ocrx_word' id='word_1_59' title='bbox 88 695 211 734; x_wconf 87' lang='lat' dir='ltr'><strong>siruulandum</strong></span> <span class='ocrx_word' id='word_1_60' title='bbox 229 697 373 737; x_wconf 78' lang='lat' dir='ltr'><strong>seducerentur.</strong></span> <span class='ocrx_word' id='word_1_61' title='bbox 401 697 487 737; x_wconf 86' lang='lat' dir='ltr'><strong>Saeculo</strong></span> <span class='ocrx_word' id='word_1_62' title='bbox 501 697 585 736; x_wconf 88' lang='lat' dir='ltr'><strong>secundo</strong></span> <span class='ocrx_word' id='word_1_63' title='bbox 599 698 619 735; x_wconf 89' lang='lat' dir='ltr'><strong>in</strong></span> <span class='ocrx_word' id='word_1_64' title='bbox 634 696 723 735; x_wconf 86' lang='lat' dir='ltr'><strong>ecclesiis</strong></span> <span class='ocrx_word' id='word_1_65' title='bbox 737 706 796 734; x_wconf 86' lang='lat' dir='ltr'><strong>reee-</strong></span> 
     </span>
    </p>

    <p class='ocr_par' dir='ltr' id='par_1_3' title="bbox 23 760 795 1013">
     <span class='ocr_line' id='line_1_10' title="bbox 23 760 795 814; baseline 0.004 -17"><span class='ocrx_word' id='word_1_66' title='bbox 23 809 25 814; x_wconf 25' lang='grc' dir='ltr'>ι</span> <span class='ocrx_word' id='word_1_67' title='bbox 45 761 79 810; x_wconf 89' lang='lat' dir='ltr'><strong>pta</strong></span> <span class='ocrx_word' id='word_1_68' title='bbox 102 760 190 800; x_wconf 89' lang='lat' dir='ltr'><strong>videmus</strong></span> <span class='ocrx_word' id='word_1_69' title='bbox 208 760 349 813; x_wconf 84' lang='lat' dir='ltr'><strong>Apostolorum</strong></span> <span class='ocrx_word' id='word_1_70' title='bbox 369 761 479 811; x_wconf 82' lang='lat' dir='ltr'><strong>Evangelia</strong></span> <span class='ocrx_word' id='word_1_71' title='bbox 499 762 519 800; x_wconf 89' lang='lat' dir='ltr'><strong>et</strong></span> <span class='ocrx_word' id='word_1_72' title='bbox 535 762 647 813; x_wconf 77' lang='lat' dir='ltr'><strong>Epistulas,</strong></span> <span class='ocrx_word' id='word_1_73' title='bbox 669 761 795 813; x_wconf 74' lang='lat' dir='ltr'><strong>seduitum,</strong></span> 
     </span>
     <span class='ocr_line' id='line_1_11' title="bbox 45 827 794 880; baseline 0.003 -16"><span class='ocrx_word' id='word_1_74' title='bbox 45 836 120 877; x_wconf 77' lang='lat' dir='ltr'><strong>errores,</strong></span> <span class='ocrx_word' id='word_1_75' title='bbox 139 827 244 866; x_wconf 81' lang='lat' dir='ltr'><strong>doctrinam</strong></span> <span class='ocrx_word' id='word_1_76' title='bbox 258 838 362 880; x_wconf 86' lang='lat' dir='ltr'><strong>comesque</strong></span> <span class='ocrx_word' id='word_1_77' title='bbox 375 827 506 866; x_wconf 87' lang='lat' dir='ltr'><strong>institutiones</strong></span> <span class='ocrx_word' id='word_1_78' title='bbox 519 827 663 867; x_wconf 85' lang='lat' dir='ltr'><strong>ecclesiasticas</strong></span> <span class='ocrx_word' id='word_1_79' title='bbox 678 828 734 866; x_wconf 89' lang='lat' dir='ltr'><strong>simul</strong></span> <span class='ocrx_word' id='word_1_80' title='bbox 748 839 794 868; x_wconf 90' lang='lat' dir='ltr'><strong>eor-</strong></span> 
     </span>
     <span class='ocr_line' id='line_1_12' title="bbox 43 893 794 944; baseline 0.007 -14"><span class='ocrx_word' id='word_1_81' title='bbox 43 893 111 943; x_wconf 89' lang='lat' dir='ltr'><strong>ruptas</strong></span> <span class='ocrx_word' id='word_1_82' title='bbox 127 897 147 931; x_wconf 90' lang='lat' dir='ltr'><strong>et</strong></span> <span class='ocrx_word' id='word_1_83' title='bbox 160 893 243 931; x_wconf 85' lang='lat' dir='ltr'><strong>iniectas</strong></span> <span class='ocrx_word' id='word_1_84' title='bbox 256 904 318 944; x_wconf 89' lang='lat' dir='ltr'><strong>pravo</strong></span> <span class='ocrx_word' id='word_1_85' title='bbox 334 893 367 932; x_wconf 92' lang='lat' dir='ltr'><strong>illo</strong></span> <span class='ocrx_word' id='word_1_86' title='bbox 376 893 482 941; x_wconf 79' lang='lat' dir='ltr'><strong>ludaismo,</strong></span> <span class='ocrx_word' id='word_1_87' title='bbox 498 893 551 930; x_wconf 88' lang='lat' dir='ltr'><strong>ouius</strong></span> <span class='ocrx_word' id='word_1_88' title='bbox 564 893 701 942; x_wconf 77' lang='lat' dir='ltr'><strong>antagonistae</strong></span> <span class='ocrx_word' id='word_1_89' title='bbox 714 905 750 944; x_wconf 85' lang='lat' dir='ltr'><strong>per</strong></span> <span class='ocrx_word' id='word_1_90' title='bbox 760 896 794 935; x_wconf 68' lang='lat' dir='ltr'><strong>to,</strong></span> 
     </span>
     <span class='ocr_line' id='line_1_13' title="bbox 43 951 794 1013; baseline -0.001 -15"><span class='ocrx_word' id='word_1_91' title='bbox 43 960 81 998; x_wconf 87' lang='lat' dir='ltr'><strong>tam</strong></span> <span class='ocrx_word' id='word_1_92' title='bbox 90 958 149 999; x_wconf 88' lang='lat' dir='ltr'><strong>vitam</strong></span> <span class='ocrx_word' id='word_1_93' title='bbox 161 957 252 1011; x_wconf 70' lang='lat' dir='ltr'><strong>Apostoll</strong></span> <span class='ocrx_word' id='word_1_94' title='bbox 262 959 345 1000; x_wconf 86' lang='lat' dir='ltr'><strong>inerant.</strong></span> <span class='ocrx_word' id='word_1_95' title='bbox 366 951 540 1013; x_wconf 83' lang='lat' dir='ltr'><strong>Saeculescerrrrdo</strong></span> <span class='ocrx_word' id='word_1_96' title='bbox 550 957 692 1010; x_wconf 75' lang='lat' dir='ltr'><strong>Hierosolymis</strong></span> <span class='ocrx_word' id='word_1_97' title='bbox 699 956 794 1011; x_wconf 81' lang='lat' dir='ltr'><strong>Symeon,</strong></span> 
     </span>
    </p>

    <p class='ocr_par' dir='ltr' id='par_1_4' title="bbox 26 1022 795 1799">
     <span class='ocr_line' id='line_1_14' title="bbox 26 1022 794 1079; baseline -0.001 -14"><span class='ocrx_word' id='word_1_98' title='bbox 26 1077 28 1079; x_wconf 26' lang='grc'><strong>,</strong></span> <span class='ocrx_word' id='word_1_99' title='bbox 43 1024 159 1065; x_wconf 81' lang='lat' dir='ltr'><strong>Antiochiae</strong></span> <span class='ocrx_word' id='word_1_100' title='bbox 173 1025 262 1075; x_wconf 84' lang='lat' dir='ltr'><strong>Ignatius</strong></span> <span class='ocrx_word' id='word_1_101' title='bbox 276 1027 357 1078; x_wconf 90' lang='lat' dir='ltr'><strong>propter</strong></span> <span class='ocrx_word' id='word_1_102' title='bbox 373 1025 429 1064; x_wconf 92' lang='lat' dir='ltr'><strong>iidem</strong></span> <span class='ocrx_word' id='word_1_103' title='bbox 443 1022 570 1064; x_wconf 80' lang='lat' dir='ltr'><strong>Christianam</strong></span> <span class='ocrx_word' id='word_1_104' title='bbox 585 1026 695 1075; x_wconf 90' lang='lat' dir='ltr'><strong>martyrium</strong></span> <span class='ocrx_word' id='word_1_105' title='bbox 710 1026 794 1065; x_wconf 83' lang='lat' dir='ltr'><strong>srrhiisse</strong></span> 
     </span>
     <span class='ocr_line' id='line_1_15' title="bbox 44 1078 794 1146; baseline 0 -17"><span class='ocrx_word' id='word_1_106' title='bbox 44 1078 137 1130; x_wconf 76' lang='lat' dir='ltr'><strong>dlountur.</strong></span> <span class='ocrx_word' id='word_1_107' title='bbox 166 1091 216 1146; x_wconf 84' lang='lat' dir='ltr'><strong>Quid</strong></span> <span class='ocrx_word' id='word_1_108' title='bbox 230 1092 253 1138; x_wconf 82' lang='lat' dir='ltr'><strong>de</strong></span> <span class='ocrx_word' id='word_1_109' title='bbox 272 1092 345 1142; x_wconf 86' lang='lat' dir='ltr'><strong>ignatii</strong></span> <span class='ocrx_word' id='word_1_110' title='bbox 355 1088 375 1144; x_wconf 67' lang='grc'><strong>2]</strong></span> <span class='ocrx_word' id='word_1_111' title='bbox 391 1089 479 1141; x_wconf 88' lang='lat' dir='ltr'><strong>epistolis</strong></span> <span class='ocrx_word' id='word_1_112' title='bbox 494 1091 515 1128; x_wconf 92' lang='lat' dir='ltr'><strong>ct</strong></span> <span class='ocrx_word' id='word_1_113' title='bbox 529 1089 609 1130; x_wconf 85' lang='lat' dir='ltr'><strong>Graecis</strong></span> <span class='ocrx_word' id='word_1_114' title='bbox 626 1092 646 1130; x_wconf 87' lang='lat' dir='ltr'><strong>et</strong></span> <span class='ocrx_word' id='word_1_115' title='bbox 660 1084 748 1143; x_wconf 87' lang='lat' dir='ltr'><strong>Syriacis</strong></span> <span class='ocrx_word' id='word_1_116' title='bbox 761 1092 794 1129; x_wconf 92' lang='lat' dir='ltr'><strong>iu-</strong></span> 
     </span>
     <span class='ocr_line' id='line_1_16' title="bbox 44 1156 793 1209; baseline 0 -13"><span class='ocrx_word' id='word_1_117' title='bbox 44 1157 154 1208; x_wconf 83' lang='lat' dir='ltr'><strong>dicandum,</strong></span> <span class='ocrx_word' id='word_1_118' title='bbox 178 1170 215 1196; x_wconf 90' lang='lat' dir='ltr'><strong>nou</strong></span> <span class='ocrx_word' id='word_1_119' title='bbox 236 1157 292 1196; x_wconf 89' lang='lat' dir='ltr'><strong>huius</strong></span> <span class='ocrx_word' id='word_1_120' title='bbox 314 1157 352 1197; x_wconf 92' lang='lat' dir='ltr'><strong>loci</strong></span> <span class='ocrx_word' id='word_1_121' title='bbox 374 1157 405 1195; x_wconf 86' lang='lat' dir='ltr'><strong>est</strong></span> <span class='ocrx_word' id='word_1_122' title='bbox 424 1156 545 1202; x_wconf 85' lang='lat' dir='ltr'><strong>exaruiuare;</strong></span> <span class='ocrx_word' id='word_1_123' title='bbox 569 1158 646 1209; x_wconf 87' lang='lat' dir='ltr'><strong>constat</strong></span> <span class='ocrx_word' id='word_1_124' title='bbox 663 1163 736 1208; x_wconf 85' lang='lat' dir='ltr'><strong>tamen,</strong></span> <span class='ocrx_word' id='word_1_125' title='bbox 760 1156 793 1196; x_wconf 88' lang='lat' dir='ltr'><strong>illo</strong></span> 
     </span>
     <span class='ocr_line' id='line_1_17' title="bbox 43 1212 793 1275; baseline -0.003 -12"><span class='ocrx_word' id='word_1_126' title='bbox 43 1226 131 1275; x_wconf 91' lang='lat' dir='ltr'><strong>tempore</strong></span> <span class='ocrx_word' id='word_1_127' title='bbox 144 1212 281 1262; x_wconf 86' lang='lat' dir='ltr'><strong>hierarchicum</strong></span> <span class='ocrx_word' id='word_1_128' title='bbox 295 1225 383 1274; x_wconf 83' lang='lat' dir='ltr'><strong>systema</strong></span> <span class='ocrx_word' id='word_1_129' title='bbox 395 1233 421 1273; x_wconf 78' lang='lat' dir='ltr'><strong>err</strong></span> <span class='ocrx_word' id='word_1_130' title='bbox 435 1221 507 1272; x_wconf 84' lang='lat' dir='ltr'><strong>Syriae</strong></span> <span class='ocrx_word' id='word_1_131' title='bbox 521 1222 543 1261; x_wconf 92' lang='lat' dir='ltr'><strong>ut</strong></span> <span class='ocrx_word' id='word_1_132' title='bbox 556 1221 633 1262; x_wconf 86' lang='lat' dir='ltr'><strong>videtur</strong></span> <span class='ocrx_word' id='word_1_133' title='bbox 646 1223 760 1273; x_wconf 83' lang='lat' dir='ltr'><strong>regionibus</strong></span> <span class='ocrx_word' id='word_1_134' title='bbox 774 1223 793 1261; x_wconf 92' lang='lat' dir='ltr'><strong>in</strong></span> 
     </span>
     <span class='ocr_line' id='line_1_18' title="bbox 43 1277 795 1330; baseline -0.004 -1"><span class='ocrx_word' id='word_1_135' title='bbox 43 1290 140 1330; x_wconf 84' lang='lat' dir='ltr'><strong>Orientem</strong></span> <span class='ocrx_word' id='word_1_136' title='bbox 160 1292 181 1328; x_wconf 89' lang='lat' dir='ltr'><strong>et</strong></span> <span class='ocrx_word' id='word_1_137' title='bbox 199 1290 322 1329; x_wconf 89' lang='lat' dir='ltr'><strong>Occidentem</strong></span> <span class='ocrx_word' id='word_1_138' title='bbox 343 1289 422 1327; x_wconf 84' lang='lat' dir='ltr'><strong>exiisse.</strong></span> <span class='ocrx_word' id='word_1_139' title='bbox 453 1287 538 1327; x_wconf 89' lang='lat' dir='ltr'><strong>Saeculo</strong></span> <span class='ocrx_word' id='word_1_140' title='bbox 555 1288 640 1327; x_wconf 89' lang='lat' dir='ltr'><strong>secundo</strong></span> <span class='ocrx_word' id='word_1_141' title='bbox 658 1277 680 1328; x_wconf 86' lang='lat' dir='ltr'><strong>et</strong></span> <span class='ocrx_word' id='word_1_142' title='bbox 698 1289 756 1328; x_wconf 89' lang='lat' dir='ltr'><strong>tertio</strong></span> <span class='ocrx_word' id='word_1_143' title='bbox 775 1289 795 1326; x_wconf 93' lang='lat' dir='ltr'><strong>in</strong></span> 
     </span>
     <span class='ocr_line' id='line_1_19' title="bbox 43 1352 793 1409; baseline -0.004 -15"><span class='ocrx_word' id='word_1_144' title='bbox 43 1355 102 1405; x_wconf 87' lang='lat' dir='ltr'><strong>Syria</strong></span> <span class='ocrx_word' id='word_1_145' title='bbox 116 1355 216 1394; x_wconf 79' lang='lat' dir='ltr'><strong>inultorum</strong></span> <span class='ocrx_word' id='word_1_146' title='bbox 229 1366 292 1393; x_wconf 85' lang='lat' dir='ltr'><strong>rerum</strong></span> <span class='ocrx_word' id='word_1_147' title='bbox 305 1354 408 1409; x_wconf 87' lang='lat' dir='ltr'><strong>primordia</strong></span> <span class='ocrx_word' id='word_1_148' title='bbox 424 1365 447 1392; x_wconf 88' lang='lat' dir='ltr'><strong>ae</strong></span> <span class='ocrx_word' id='word_1_149' title='bbox 460 1353 554 1404; x_wconf 85' lang='lat' dir='ltr'><strong>principia</strong></span> <span class='ocrx_word' id='word_1_150' title='bbox 568 1354 721 1404; x_wconf 83' lang='lat' dir='ltr'><strong>progerminari.</strong></span> <span class='ocrx_word' id='word_1_151' title='bbox 749 1352 793 1392; x_wconf 92' lang='lat' dir='ltr'><strong>Un-</strong></span> 
     </span>
     <span class='ocr_line' id='line_1_20' title="bbox 44 1415 792 1473; baseline -0.001 -12"><span class='ocrx_word' id='word_1_152' title='bbox 44 1415 99 1462; x_wconf 87' lang='lat' dir='ltr'><strong>animi</strong></span> <span class='ocrx_word' id='word_1_153' title='bbox 109 1432 213 1460; x_wconf 63' lang='lat' dir='ltr'><strong>&gt;consensu</strong></span> <span class='ocrx_word' id='word_1_154' title='bbox 228 1419 335 1460; x_wconf 85' lang='lat' dir='ltr'><strong>haereseon</strong></span> <span class='ocrx_word' id='word_1_155' title='bbox 346 1419 437 1473; x_wconf 74' lang='lat' dir='ltr'><strong>origines</strong></span> <span class='ocrx_word' id='word_1_156' title='bbox 451 1418 470 1458; x_wconf 89' lang='lat' dir='ltr'><strong>iu</strong></span> <span class='ocrx_word' id='word_1_157' title='bbox 486 1418 649 1460; x_wconf 90' lang='lat' dir='ltr'><strong>Samaritanorum</strong></span> <span class='ocrx_word' id='word_1_158' title='bbox 665 1422 685 1461; x_wconf 89' lang='lat' dir='ltr'><strong>et</strong></span> <span class='ocrx_word' id='word_1_159' title='bbox 698 1419 792 1470; x_wconf 81' lang='lat' dir='ltr'><strong>Syrorum</strong></span> 
     </span>
     <span class='ocr_line' id='line_1_21' title="bbox 41 1478 793 1537; baseline 0 -12"><span class='ocrx_word' id='word_1_160' title='bbox 41 1489 105 1526; x_wconf 76' lang='lat' dir='ltr'><strong>&#39;terras</strong></span> <span class='ocrx_word' id='word_1_161' title='bbox 124 1486 194 1525; x_wconf 87' lang='lat' dir='ltr'><strong>Patres</strong></span> <span class='ocrx_word' id='word_1_162' title='bbox 213 1486 307 1525; x_wconf 79' lang='lat' dir='ltr'><strong>deserunt.</strong></span> <span class='ocrx_word' id='word_1_163' title='bbox 335 1487 367 1524; x_wconf 80' lang='lat' dir='ltr'><strong>lix</strong></span> <span class='ocrx_word' id='word_1_164' title='bbox 381 1485 441 1535; x_wconf 89' lang='lat' dir='ltr'><strong>Syria</strong></span> <span class='ocrx_word' id='word_1_165' title='bbox 453 1484 531 1522; x_wconf 89' lang='lat' dir='ltr'><strong>litterae</strong></span> <span class='ocrx_word' id='word_1_166' title='bbox 545 1478 793 1537; x_wconf 56' lang='lat' dir='ltr'><strong>pseudepigraphaesfa-</strong></span> 
     </span>
     <span class='ocr_line' id='line_1_22' title="bbox 42 1549 794 1602; baseline -0.001 -11"><span class='ocrx_word' id='word_1_167' title='bbox 42 1553 100 1592; x_wconf 87' lang='lat' dir='ltr'><strong>hulae</strong></span> <span class='ocrx_word' id='word_1_168' title='bbox 121 1552 202 1602; x_wconf 83' lang='lat' dir='ltr'><strong>multae,</strong></span> <span class='ocrx_word' id='word_1_169' title='bbox 227 1550 331 1600; x_wconf 51' lang='lat' dir='ltr'><strong>euuangelie</strong></span> <span class='ocrx_word' id='word_1_170' title='bbox 352 1550 472 1602; x_wconf 75' lang='lat' dir='ltr'><strong>suppositis,</strong></span> <span class='ocrx_word' id='word_1_171' title='bbox 496 1549 534 1589; x_wconf 88' lang='lat' dir='ltr'><strong>alia</strong></span> <span class='ocrx_word' id='word_1_172' title='bbox 556 1551 603 1589; x_wconf 87' lang='lat' dir='ltr'><strong>eius·</strong></span> <span class='ocrx_word' id='word_1_173' title='bbox 620 1550 700 1601; x_wconf 85' lang='lat' dir='ltr'><strong>generis</strong></span> <span class='ocrx_word' id='word_1_174' title='bbox 720 1550 794 1601; x_wconf 84' lang='lat' dir='ltr'><strong>scripta</strong></span> 
     </span>
     <span class='ocr_line' id='line_1_23' title="bbox 42 1614 793 1670; baseline -0.003 -14"><span class='ocrx_word' id='word_1_175' title='bbox 42 1618 174 1670; x_wconf 87' lang='lat' dir='ltr'><strong>provenerunt</strong></span> <span class='ocrx_word' id='word_1_176' title='bbox 188 1614 214 1670; x_wconf 82' lang='lat'><strong>³).</strong></span> <span class='ocrx_word' id='word_1_177' title='bbox 241 1616 301 1667; x_wconf 89' lang='lat' dir='ltr'><strong>Syria</strong></span> <span class='ocrx_word' id='word_1_178' title='bbox 319 1617 381 1666; x_wconf 90' lang='lat' dir='ltr'><strong>patria</strong></span> <span class='ocrx_word' id='word_1_179' title='bbox 397 1617 429 1654; x_wconf 90' lang='lat' dir='ltr'><strong>est</strong></span> <span class='ocrx_word' id='word_1_180' title='bbox 444 1617 464 1653; x_wconf 88' lang='lat' dir='ltr'><strong>et</strong></span> <span class='ocrx_word' id='word_1_181' title='bbox 479 1615 583 1654; x_wconf 81' lang='lat' dir='ltr'><strong>illarcionis</strong></span> <span class='ocrx_word' id='word_1_182' title='bbox 598 1616 617 1654; x_wconf 87' lang='lat' dir='ltr'><strong>et</strong></span> <span class='ocrx_word' id='word_1_183' title='bbox 631 1614 698 1654; x_wconf 88' lang='lat' dir='ltr'><strong>lustini</strong></span> <span class='ocrx_word' id='word_1_184' title='bbox 703 1630 710 1663; x_wconf 82' lang='lat'><em>3</em></span> <span class='ocrx_word' id='word_1_185' title='bbox 727 1615 758 1655; x_wconf 89' lang='lat' dir='ltr'><strong>hic</strong></span> <span class='ocrx_word' id='word_1_186' title='bbox 773 1618 793 1654; x_wconf 86' lang='lat' dir='ltr'><strong>et</strong></span> 
     </span>
     <span class='ocr_line' id='line_1_24' title="bbox 44 1670 794 1733; baseline -0.007 -9"><span class='ocrx_word' id='word_1_187' title='bbox 44 1677 131 1725; x_wconf 79' lang='lat' dir='ltr'><strong>Gnostici</strong></span> <span class='ocrx_word' id='word_1_188' title='bbox 149 1684 170 1721; x_wconf 92' lang='lat' dir='ltr'><strong>et</strong></span> <span class='ocrx_word' id='word_1_189' title='bbox 182 1682 279 1732; x_wconf 74' lang='lat' dir='ltr'><strong>Origenes</strong></span> <span class='ocrx_word' id='word_1_190' title='bbox 294 1682 365 1721; x_wconf 85' lang='lat' dir='ltr'><strong>semina</strong></span> <span class='ocrx_word' id='word_1_191' title='bbox 379 1682 478 1722; x_wconf 84' lang='lat' dir='ltr'><strong>doetrinae</strong></span> <span class='ocrx_word' id='word_1_192' title='bbox 492 1670 612 1732; x_wconf 81' lang='lat' dir='ltr'><strong>sparserunt.</strong></span> <span class='ocrx_word' id='word_1_193' title='bbox 637 1681 660 1731; x_wconf 84' lang='lat' dir='ltr'><strong>ln</strong></span> <span class='ocrx_word' id='word_1_194' title='bbox 676 1679 735 1731; x_wconf 85' lang='lat' dir='ltr'><strong>Syria</strong></span> <span class='ocrx_word' id='word_1_195' title='bbox 750 1681 794 1733; x_wconf 91' lang='lat' dir='ltr'><strong>pri-</strong></span> 
     </span>
     <span class='ocr_line' id='line_1_25' title="bbox 43 1745 794 1799; baseline -0.008 -8"><span class='ocrx_word' id='word_1_196' title='bbox 43 1749 91 1791; x_wconf 91' lang='lat' dir='ltr'><strong>mum</strong></span> <span class='ocrx_word' id='word_1_197' title='bbox 106 1749 236 1789; x_wconf 89' lang='lat' dir='ltr'><strong>commentarii</strong></span> <span class='ocrx_word' id='word_1_198' title='bbox 246 1748 264 1786; x_wconf 91' lang='lat' dir='ltr'><strong>in</strong></span> <span class='ocrx_word' id='word_1_199' title='bbox 278 1746 342 1787; x_wconf 89' lang='lat' dir='ltr'><strong>Bihlia</strong></span> <span class='ocrx_word' id='word_1_200' title='bbox 354 1748 422 1799; x_wconf 88' lang='lat' dir='ltr'><strong>scripti</strong></span> <span class='ocrx_word' id='word_1_201' title='bbox 437 1759 448 1786; x_wconf 88' lang='lat' dir='ltr'><strong>a</strong></span> <span class='ocrx_word' id='word_1_202' title='bbox 462 1746 571 1799; x_wconf 84' lang='lat' dir='ltr'><strong>Theophila</strong></span> <span class='ocrx_word' id='word_1_203' title='bbox 581 1745 703 1787; x_wconf 82' lang='lat' dir='ltr'><strong>Antiocheno</strong></span> <span class='ocrx_word' id='word_1_204' title='bbox 717 1745 794 1799; x_wconf 86' lang='lat' dir='ltr'><strong>(Nean-</strong></span> 
     </span>
    </p>

    <p class='ocr_par' dir='ltr' id='par_1_5' title="bbox 22 1807 881 2261">
     <span class='ocr_line' id='line_1_26' title="bbox 22 1807 793 1866; baseline -0.001 -12"><span class='ocrx_word' id='word_1_205' title='bbox 22 1847 23 1854; x_wconf 69' lang='grc'>,</span> <span class='ocrx_word' id='word_1_206' title='bbox 44 1818 79 1857; x_wconf 92' lang='lat' dir='ltr'><strong>der</strong></span> <span class='ocrx_word' id='word_1_207' title='bbox 98 1815 123 1854; x_wconf 88' lang='grc' dir='ltr'><strong>Κ.</strong></span> <span class='ocrx_word' id='word_1_208' title='bbox 143 1815 167 1855; x_wconf 85' lang='lat' dir='ltr'><strong>G.</strong></span> <span class='ocrx_word' id='word_1_209' title='bbox 186 1814 201 1853; x_wconf 89' lang='grc' dir='ltr'><strong>Ι.</strong></span> <span class='ocrx_word' id='word_1_210' title='bbox 220 1813 265 1852; x_wconf 80' lang='lat' dir='ltr'><strong>Thr.</strong></span> <span class='ocrx_word' id='word_1_211' title='bbox 283 1812 296 1853; x_wconf 85' lang='lat'><strong>3</strong></span> <span class='ocrx_word' id='word_1_212' title='bbox 316 1825 335 1864; x_wconf 87' lang='lat' dir='ltr'><strong>p.</strong></span> <span class='ocrx_word' id='word_1_213' title='bbox 355 1811 436 1866; x_wconf 76' lang='lat' dir='ltr'><strong>ttae),</strong></span> <span class='ocrx_word' id='word_1_214' title='bbox 461 1812 574 1865; x_wconf 83' lang='lat' dir='ltr'><strong>Serapione</strong></span> <span class='ocrx_word' id='word_1_215' title='bbox 588 1807 643 1863; x_wconf 86' lang='lat' dir='ltr'><strong>aliis,</strong></span> <span class='ocrx_word' id='word_1_216' title='bbox 662 1812 694 1865; x_wconf 87' lang='lat' dir='ltr'><strong>qui</strong></span> <span class='ocrx_word' id='word_1_217' title='bbox 713 1812 793 1864; x_wconf 84' lang='lat' dir='ltr'><strong>allege-</strong></span> 
     </span>
     <span class='ocr_line' id='line_1_27' title="bbox 42 1878 881 1933; baseline -0.004 -11"><span class='ocrx_word' id='word_1_218' title='bbox 42 1884 112 1922; x_wconf 88' lang='lat' dir='ltr'><strong>riarum</strong></span> <span class='ocrx_word' id='word_1_219' title='bbox 125 1882 163 1920; x_wconf 85' lang='lat' dir='ltr'><strong>ista</strong></span> <span class='ocrx_word' id='word_1_220' title='bbox 183 1878 271 1919; x_wconf 86' lang='lat' dir='ltr'><strong>methodo</strong></span> <span class='ocrx_word' id='word_1_221' title='bbox 286 1879 443 1932; x_wconf 79' lang='lat' dir='ltr'><strong>delectabantur,</strong></span> <span class='ocrx_word' id='word_1_222' title='bbox 462 1892 518 1933; x_wconf 86' lang='lat' dir='ltr'><strong>quam</strong></span> <span class='ocrx_word' id='word_1_223' title='bbox 532 1881 603 1932; x_wconf 86' lang='lat' dir='ltr'><strong>postea</strong></span> <span class='ocrx_word' id='word_1_224' title='bbox 614 1878 712 1930; x_wconf 78' lang='lat' dir='ltr'><strong>Origenes</strong></span> <span class='ocrx_word' id='word_1_225' title='bbox 727 1879 794 1920; x_wconf 79' lang='lat' dir='ltr'><strong>dirul-</strong></span> <span class='ocrx_word' id='word_1_226' title='bbox 878 1926 881 1929; x_wconf 27' lang='lat'><em>¹</em></span> 
     </span>
     <span class='ocr_line' id='line_1_28' title="bbox 44 1945 793 2001; baseline -0.005 -12"><span class='ocrx_word' id='word_1_227' title='bbox 44 1951 109 2001; x_wconf 87' lang='lat' dir='ltr'><strong>gavit.</strong></span> <span class='ocrx_word' id='word_1_228' title='bbox 135 1947 251 1987; x_wconf 82' lang='lat' dir='ltr'><strong>Antiochiae</strong></span> <span class='ocrx_word' id='word_1_229' title='bbox 263 1945 336 1985; x_wconf 82' lang='lat' dir='ltr'><strong>Paulus</strong></span> <span class='ocrx_word' id='word_1_230' title='bbox 348 1946 486 1997; x_wconf 86' lang='lat' dir='ltr'><strong>Sarnosatenus</strong></span> <span class='ocrx_word' id='word_1_231' title='bbox 501 1946 653 1999; x_wconf 86' lang='lat' dir='ltr'><strong>primusPapam</strong></span> <span class='ocrx_word' id='word_1_232' title='bbox 667 1948 687 1987; x_wconf 90' lang='lat' dir='ltr'><strong>et</strong></span> <span class='ocrx_word' id='word_1_233' title='bbox 701 1946 793 1986; x_wconf 90' lang='lat' dir='ltr'><strong>dominum</strong></span> 
     </span>
     <span class='ocr_line' id='line_1_29' title="bbox 45 1999 851 2067; baseline -0.005 -12"><span class='ocrx_word' id='word_1_234' title='bbox 45 2017 129 2067; x_wconf 75' lang='lat' dir='ltr'><strong>gerebat</strong></span> <span class='ocrx_word' id='word_1_235' title='bbox 145 2016 164 2053; x_wconf 91' lang='lat' dir='ltr'><strong>ct</strong></span> <span class='ocrx_word' id='word_1_236' title='bbox 174 2013 253 2052; x_wconf 84' lang='lat' dir='ltr'><strong>dissidia</strong></span> <span class='ocrx_word' id='word_1_237' title='bbox 267 2011 363 2052; x_wconf 83' lang='lat' dir='ltr'><strong>eeclesiae</strong></span> <span class='ocrx_word' id='word_1_238' title='bbox 378 2013 414 2051; x_wconf 91' lang='lat' dir='ltr'><strong>iam</strong></span> <span class='ocrx_word' id='word_1_239' title='bbox 428 2014 447 2051; x_wconf 91' lang='lat' dir='ltr'><strong>iu</strong></span> <span class='ocrx_word' id='word_1_240' title='bbox 460 2013 512 2052; x_wconf 89' lang='lat' dir='ltr'><strong>hella</strong></span> <span class='ocrx_word' id='word_1_241' title='bbox 527 2013 591 2052; x_wconf 84' lang='lat' dir='ltr'><strong>civilia</strong></span> <span class='ocrx_word' id='word_1_242' title='bbox 603 2012 725 2062; x_wconf 78' lang='lat' dir='ltr'><strong>degenerare</strong></span> <span class='ocrx_word' id='word_1_243' title='bbox 734 2012 793 2051; x_wconf 80' lang='lat' dir='ltr'><strong>ride-</strong></span> <span class='ocrx_word' id='word_1_244' title='bbox 847 1999 851 2005; x_wconf 48' lang='lat'><strong><em>¹</em></strong></span> 
     </span>
     <span class='ocr_line' id='line_1_30' title="bbox 43 2076 837 2128; baseline -0.006 -6"><span class='ocrx_word' id='word_1_245' title='bbox 43 2084 89 2122; x_wconf 88' lang='lat' dir='ltr'><strong>hant</strong></span> <span class='ocrx_word' id='word_1_246' title='bbox 91 2093 119 2120; x_wconf 93' lang='lat' dir='ltr'><strong>ur.</strong></span> <span class='ocrx_word' id='word_1_247' title='bbox 148 2079 259 2120; x_wconf 78' lang='lat' dir='ltr'><strong>Caesareae</strong></span> <span class='ocrx_word' id='word_1_248' title='bbox 273 2077 391 2117; x_wconf 88' lang='lat' dir='ltr'><strong>hihlietheoa</strong></span> <span class='ocrx_word' id='word_1_249' title='bbox 408 2078 470 2128; x_wconf 89' lang='lat' dir='ltr'><strong>prima</strong></span> <span class='ocrx_word' id='word_1_250' title='bbox 486 2077 557 2117; x_wconf 87' lang='lat' dir='ltr'><strong>collect</strong></span> <span class='ocrx_word' id='word_1_251' title='bbox 549 2081 587 2124; x_wconf 56' lang='lat' dir='ltr'><strong>tay</strong></span> <span class='ocrx_word' id='word_1_252' title='bbox 598 2076 714 2117; x_wconf 84' lang='lat' dir='ltr'><strong>Antiochiae</strong></span> <span class='ocrx_word' id='word_1_253' title='bbox 727 2077 794 2118; x_wconf 90' lang='lat' dir='ltr'><strong>schola</strong></span> <span class='ocrx_word' id='word_1_254' title='bbox 834 2109 837 2111; x_wconf 74' lang='lat'><em>.</em></span> 
     </span>
     <span class='ocr_line' id='line_1_31' title="bbox 44 2143 794 2199; baseline -0.004 -12"><span class='ocrx_word' id='word_1_255' title='bbox 44 2148 146 2188; x_wconf 83' lang='lat' dir='ltr'><strong>exstructa</strong></span> <span class='ocrx_word' id='word_1_256' title='bbox 164 2147 185 2184; x_wconf 92' lang='lat' dir='ltr'><strong>et</strong></span> <span class='ocrx_word' id='word_1_257' title='bbox 199 2155 313 2193; x_wconf 86' lang='lat' dir='ltr'><strong>exegeseos</strong></span> <span class='ocrx_word' id='word_1_258' title='bbox 328 2144 413 2195; x_wconf 88' lang='lat' dir='ltr'><strong>artisque</strong></span> <span class='ocrx_word' id='word_1_259' title='bbox 429 2143 527 2182; x_wconf 84' lang='lat' dir='ltr'><strong>eritieue&#39;</strong></span> <span class='ocrx_word' id='word_1_260' title='bbox 522 2145 561 2183; x_wconf 90' lang='lat' dir='ltr'><strong>raet</strong></span> <span class='ocrx_word' id='word_1_261' title='bbox 563 2156 578 2183; x_wconf 88' lang='lat' dir='ltr'><strong>a</strong></span> <span class='ocrx_word' id='word_1_262' title='bbox 587 2143 718 2184; x_wconf 78' lang='lat' dir='ltr'><strong>fundamenta.</strong></span> <span class='ocrx_word' id='word_1_263' title='bbox 746 2143 794 2199; x_wconf 85' lang='lat' dir='ltr'><strong>llle-</strong></span> 
     </span>
     <span class='ocr_line' id='line_1_32' title="bbox 39 2190 794 2261; baseline -0.005 -6.979"><span class='ocrx_word' id='word_1_264' title='bbox 39 2212 136 2256; x_wconf 82' lang='lat' dir='ltr'><strong>uatelrens</strong></span> <span class='ocrx_word' id='word_1_265' title='bbox 154 2211 174 2249; x_wconf 88' lang='lat' dir='ltr'><strong>ct</strong></span> <span class='ocrx_word' id='word_1_266' title='bbox 193 2208 310 2259; x_wconf 81' lang='lat' dir='ltr'><strong>coelibatus,</strong></span> <span class='ocrx_word' id='word_1_267' title='bbox 331 2210 413 2259; x_wconf 89' lang='lat' dir='ltr'><strong>proprii</strong></span> <span class='ocrx_word' id='word_1_268' title='bbox 425 2209 496 2261; x_wconf 88' lang='lat' dir='ltr'><strong>Syriae</strong></span> <span class='ocrx_word' id='word_1_269' title='bbox 515 2210 591 2261; x_wconf 83' lang='lat' dir='ltr'><strong>foelus,</strong></span> <span class='ocrx_word' id='word_1_270' title='bbox 605 2230 631 2239; x_wconf 83' lang='lat'><em>—</em></span> <span class='ocrx_word' id='word_1_271' title='bbox 649 2211 700 2250; x_wconf 86' lang='lat' dir='ltr'><strong>inter</strong></span> <span class='ocrx_word' id='word_1_272' title='bbox 711 2190 794 2257; x_wconf 79' lang='lat' dir='ltr'><strong>Iudaeos</strong></span> 
     </span>
    </p>
   </div>
   <div class='ocr_carea' id='block_1_3' title="bbox 49 2309 176 2323">
    <p class='ocr_par' dir='ltr' id='par_1_6' title="bbox 49 2309 176 2323">
     <span class='ocr_line' id='line_1_33' title="bbox 49 2309 176 2323; baseline -0.024 -5"><span class='ocrx_word' id='word_1_273' title='bbox 49 2309 176 2323; x_wconf 41' lang='grc' dir='ltr'><em>μ...-</em></span> 
     </span>
    </p>
   </div>
   <div class='ocr_carea' id='block_1_4' title="bbox 112 2368 861 2420">
    <p class='ocr_par' dir='ltr' id='par_1_7' title="bbox 112 2368 861 2420">
     <span class='ocr_line' id='line_1_34' title="bbox 112 2368 861 2420; baseline -0.007 -9"><span class='ocrx_word' id='word_1_274' title='bbox 112 2371 131 2420; x_wconf 83' lang='lat'><strong>1)</strong></span> <span class='ocrx_word' id='word_1_275' title='bbox 148 2372 258 2418; x_wconf 82' lang='lat' dir='ltr'><strong>Euangeliou</strong></span> <span class='ocrx_word' id='word_1_276' title='bbox 268 2371 338 2407; x_wconf 85' lang='lat' dir='ltr'><strong>loannis</strong></span> <span class='ocrx_word' id='word_1_277' title='bbox 351 2377 367 2407; x_wconf 87' lang='lat' dir='ltr'><strong>et</strong></span> <span class='ocrx_word' id='word_1_278' title='bbox 380 2373 454 2408; x_wconf 88' lang='lat' dir='ltr'><strong>eiusdem</strong></span> <span class='ocrx_word' id='word_1_279' title='bbox 472 2373 586 2419; x_wconf 76' lang='lat' dir='ltr'><strong>Apocalypsin</strong></span> <span class='ocrx_word' id='word_1_280' title='bbox 597 2377 637 2409; x_wconf 89' lang='lat' dir='ltr'><strong>anto</strong></span> <span class='ocrx_word' id='word_1_281' title='bbox 654 2373 715 2409; x_wconf 81' lang='lat' dir='ltr'><strong>annum</strong></span> <span class='ocrx_word' id='word_1_282' title='bbox 732 2371 796 2407; x_wconf 87' lang='lat' dir='ltr'><strong>Christi</strong></span> <span class='ocrx_word' id='word_1_283' title='bbox 859 2368 861 2373; x_wconf 79' lang='grc'><em>’</em></span> 
     </span>
    </p>
   </div>
   <div class='ocr_carea' id='block_1_5' title="bbox 44 2424 794 2521">
    <p class='ocr_par' dir='ltr' id='par_1_8' title="bbox 44 2424 794 2521">
     <span class='ocr_line' id='line_1_35' title="bbox 44 2424 794 2475; baseline -0.005 -8"><span class='ocrx_word' id='word_1_284' title='bbox 44 2436 67 2469; x_wconf 90' lang='lat'><strong>70</strong></span> <span class='ocrx_word' id='word_1_285' title='bbox 80 2431 145 2474; x_wconf 85' lang='lat' dir='ltr'><strong>scripta</strong></span> <span class='ocrx_word' id='word_1_286' title='bbox 160 2424 207 2470; x_wconf 87' lang='lat' dir='ltr'><strong>esse,</strong></span> <span class='ocrx_word' id='word_1_287' title='bbox 225 2429 275 2462; x_wconf 85' lang='lat' dir='ltr'><strong>certis</strong></span> <span class='ocrx_word' id='word_1_288' title='bbox 292 2428 397 2471; x_wconf 81' lang='lat' dir='ltr'><strong>argumentis</strong></span> <span class='ocrx_word' id='word_1_289' title='bbox 413 2428 485 2472; x_wconf 82' lang='lat' dir='ltr'><strong>probari</strong></span> <span class='ocrx_word' id='word_1_290' title='bbox 503 2431 555 2474; x_wconf 84' lang='lat' dir='ltr'><strong>puto,</strong></span> <span class='ocrx_word' id='word_1_291' title='bbox 571 2438 615 2475; x_wconf 82' lang='lat' dir='ltr'><strong>quae</strong></span> <span class='ocrx_word' id='word_1_292' title='bbox 632 2428 712 2474; x_wconf 89' lang='lat' dir='ltr'><strong>prolerre</strong></span> <span class='ocrx_word' id='word_1_293' title='bbox 725 2431 741 2464; x_wconf 89' lang='lat' dir='ltr'><strong>et</strong></span> <span class='ocrx_word' id='word_1_294' title='bbox 753 2438 794 2464; x_wconf 80' lang='lat' dir='ltr'><strong>eua-</strong></span> 
     </span>
     <span class='ocr_line' id='line_1_36' title="bbox 46 2482 306 2521; baseline -0.012 -1"><span class='ocrx_word' id='word_1_295' title='bbox 46 2489 110 2521; x_wconf 86' lang='lat' dir='ltr'><strong>minare</strong></span> <span class='ocrx_word' id='word_1_296' title='bbox 122 2495 157 2519; x_wconf 89' lang='lat' dir='ltr'><strong>non</strong></span> <span class='ocrx_word' id='word_1_297' title='bbox 168 2487 194 2518; x_wconf 87' lang='lat' dir='ltr'><strong>est</strong></span> <span class='ocrx_word' id='word_1_298' title='bbox 204 2482 254 2516; x_wconf 88' lang='lat' dir='ltr'><strong>huius</strong></span> <span class='ocrx_word' id='word_1_299' title='bbox 266 2483 306 2517; x_wconf 85' lang='lat' dir='ltr'><strong>loci.</strong></span> 
     </span>
    </p>
   </div>
   <div class='ocr_carea' id='block_1_6' title="bbox 111 2538 368 2618">
    <p class='ocr_par' dir='ltr' id='par_1_9' title="bbox 111 2538 368 2618">
     <span class='ocr_line' id='line_1_37' title="bbox 111 2538 368 2618; baseline -0.019 -12"><span class='ocrx_word' id='word_1_300' title='bbox 111 2569 132 2612; x_wconf 79' lang='lat'><strong>2)</strong></span> <span class='ocrx_word' id='word_1_301' title='bbox 143 2538 209 2618; x_wconf 50' lang='grc'><strong>1303</strong></span> <span class='ocrx_word' id='word_1_302' title='bbox 226 2577 237 2601; x_wconf 88' lang='lat' dir='ltr'><strong>a</strong></span> <span class='ocrx_word' id='word_1_303' title='bbox 247 2565 295 2612; x_wconf 85' lang='lat' dir='ltr'><strong>Syris</strong></span> <span class='ocrx_word' id='word_1_304' title='bbox 308 2564 368 2601; x_wconf 86' lang='lat' dir='ltr'><strong>dietus.</strong></span> 
     </span>
    </p>
   </div>
   <div class='ocr_carea' id='block_1_7' title="bbox 47 2641 798 2802">
    <p class='ocr_par' dir='ltr' id='par_1_10' title="bbox 47 2641 798 2802">
     <span class='ocr_line' id='line_1_38' title="bbox 113 2641 798 2691; baseline -0.007 -9.918"><span class='ocrx_word' id='word_1_305' title='bbox 113 2646 261 2691; x_wconf 56' lang='lat' dir='ltr'><strong>aillegcsippus</strong></span> <span class='ocrx_word' id='word_1_306' title='bbox 277 2632 454 2686; x_wconf 83' lang='lat' dir='ltr'><strong>tabulatermagnus,</strong></span> <span class='ocrx_word' id='word_1_307' title='bbox 467 2639 742 2689; x_wconf 78' lang='lat' dir='ltr'><strong>eSyriaoismultadepremuil,</strong></span> <span class='ocrx_word' id='word_1_308' title='bbox 754 2646 798 2680; x_wconf 85' lang='lat' dir='ltr'><strong>teste</strong></span> 
     </span>
     <span class='ocr_line' id='line_1_39' title="bbox 47 2696 798 2745; baseline -0.005 -8"><span class='ocrx_word' id='word_1_309' title='bbox 47 2700 128 2738; x_wconf 84' lang='lat' dir='ltr'><strong>Eusebio.</strong></span> <span class='ocrx_word' id='word_1_310' title='bbox 150 2701 176 2736; x_wconf 83' lang='lat' dir='ltr'><strong>Ex</strong></span> <span class='ocrx_word' id='word_1_311' title='bbox 187 2700 253 2745; x_wconf 83' lang='lat' dir='ltr'><strong>Euang.</strong></span> <span class='ocrx_word' id='word_1_312' title='bbox 265 2708 300 2734; x_wconf 81' lang='lat' dir='ltr'><strong>see.</strong></span> <span class='ocrx_word' id='word_1_313' title='bbox 311 2696 398 2732; x_wconf 88' lang='lat' dir='ltr'><strong>llehraees</strong></span> <span class='ocrx_word' id='word_1_314' title='bbox 410 2705 465 2741; x_wconf 83' lang='lat' dir='ltr'><strong>nugas</strong></span> <span class='ocrx_word' id='word_1_315' title='bbox 477 2701 604 2744; x_wconf 83' lang='lat' dir='ltr'><strong>sententiasque</strong></span> <span class='ocrx_word' id='word_1_316' title='bbox 615 2699 669 2733; x_wconf 86' lang='lat' dir='ltr'><strong>aniles</strong></span> <span class='ocrx_word' id='word_1_317' title='bbox 681 2698 747 2757; x_wconf 83' lang='lat' dir='ltr'><strong>prolert</strong></span> <span class='ocrx_word' id='word_1_318' title='bbox 758 2697 798 2733; x_wconf 85' lang='lat' dir='ltr'><strong>llic-</strong></span> 
     </span>
     <span class='ocr_line' id='line_1_40' title="bbox 49 2750 525 2802; baseline -0.008 -13"><span class='ocrx_word' id='word_1_319' title='bbox 49 2766 135 2800; x_wconf 89' lang='lat' dir='ltr'><strong>ronymus</strong></span> <span class='ocrx_word' id='word_1_320' title='bbox 158 2755 184 2792; x_wconf 88' lang='lat' dir='ltr'><strong>Cl</strong></span> <span class='ocrx_word' id='word_1_321' title='bbox 196 2764 240 2802; x_wconf 83' lang='lat' dir='ltr'><strong>quae</strong></span> <span class='ocrx_word' id='word_1_322' title='bbox 250 2756 268 2789; x_wconf 91' lang='lat' dir='ltr'><strong>in</strong></span> <span class='ocrx_word' id='word_1_323' title='bbox 269 2754 296 2788; x_wconf 89' lang='lat' dir='ltr'><strong>ira</strong></span> <span class='ocrx_word' id='word_1_324' title='bbox 307 2753 351 2802; x_wconf 85' lang='lat' dir='ltr'><strong>hane</strong></span> <span class='ocrx_word' id='word_1_325' title='bbox 362 2751 388 2786; x_wconf 85' lang='lat' dir='ltr'><strong>ad</strong></span> <span class='ocrx_word' id='word_1_326' title='bbox 395 2760 430 2786; x_wconf 86' lang='lat' dir='ltr'><strong>reru</strong></span> <span class='ocrx_word' id='word_1_327' title='bbox 443 2750 525 2786; x_wconf 84' lang='lat' dir='ltr'><strong>dicentur.</strong></span> 
     </span>
    </p>
   </div>
   <div class='ocr_carea' id='block_1_8' title="bbox 0 0 898 3062">
    <p class='ocr_par' dir='ltr' id='par_1_11' title="bbox 0 0 898 3062">
     <span class='ocr_line' id='line_1_41' title="bbox 0 0 898 3062; baseline 0 0"><span class='ocrx_word' id='word_1_328' title='bbox 0 0 898 3062; x_wconf 95' lang='lat' dir='ltr'><strong> </strong></span> 
     </span>
    </p>
   </div>
  </div>
 </body>
</html>
