<?xml version="1.0" encoding="UTF-8"?>
<!DOCTYPE html PUBLIC "-//W3C//DTD XHTML 1.0 Transitional//EN"
    "http://www.w3.org/TR/xhtml1/DTD/xhtml1-transitional.dtd">
<html xmlns="http://www.w3.org/1999/xhtml" xml:lang="en" lang="en">
 <head>
  <title>
</title>
<meta http-equiv="Content-Type" content="text/html;charset=utf-8" />
  <meta name='ocr-system' content='tesseract 3.04.00' />
  <meta name='ocr-capabilities' content='ocr_page ocr_carea ocr_par ocr_line ocrx_word'/>
</head>
<body>
  <div class='ocr_page' id='page_1' title='image "MN41905ucmf_0_0082.png"; bbox 0 0 1786 3062; ppageno 0'>
   <div class='ocr_carea' id='block_1_1' title="bbox 90 150 117 192">
    <p class='ocr_par' dir='ltr' id='par_1_1' title="bbox 90 150 117 192">
     <span class='ocr_line' id='line_1_1' title="bbox 90 150 117 192; baseline -0.037 0"><span class='ocrx_word' id='word_1_1' title='bbox 90 150 117 192; x_wconf 68' lang='lat'>5⁶2</span> 
     </span>
    </p>
   </div>
   <div class='ocr_carea' id='block_1_2' title="bbox 92 245 893 444">
    <p class='ocr_par' dir='ltr' id='par_1_2' title="bbox 92 245 893 444">
     <span class='ocr_line' id='line_1_2' title="bbox 92 245 893 315; baseline -0.024 -11"><span class='ocrx_word' id='word_1_2' title='bbox 92 257 244 315; x_wconf 79' lang='lat' dir='ltr'>praedicandum.</span> <span class='ocrx_word' id='word_1_3' title='bbox 272 254 340 307; x_wconf 87' lang='lat' dir='ltr'>ltaque</span> <span class='ocrx_word' id='word_1_4' title='bbox 360 253 425 305; x_wconf 88' lang='lat' dir='ltr'>primis</span> <span class='ocrx_word' id='word_1_5' title='bbox 444 245 596 294; x_wconf 80' lang='lat' dir='ltr'>ianrecclesiae</span> <span class='ocrx_word' id='word_1_6' title='bbox 608 253 675 295; x_wconf 85' lang='lat' dir='ltr'>lustris</span> <span class='ocrx_word' id='word_1_7' title='bbox 684 252 755 308; x_wconf 84' lang='lat' dir='ltr'>abique</span> <span class='ocrx_word' id='word_1_8' title='bbox 770 251 788 289; x_wconf 93' lang='lat' dir='ltr'>iu</span> <span class='ocrx_word' id='word_1_9' title='bbox 803 247 843 289; x_wconf 84' lang='lat' dir='ltr'>Sa·</span> <span class='ocrx_word' id='word_1_10' title='bbox 892 289 893 293; x_wconf 42' lang='lat'>,</span> 
     </span>
     <span class='ocr_line' id='line_1_3' title="bbox 93 315 893 378; baseline -0.018 -11"><span class='ocrx_word' id='word_1_11' title='bbox 93 328 163 378; x_wconf 80' lang='lat' dir='ltr'>naaria,</span> <span class='ocrx_word' id='word_1_12' title='bbox 184 321 282 373; x_wconf 76' lang='lat' dir='ltr'>Galilaea,</span> <span class='ocrx_word' id='word_1_13' title='bbox 299 319 413 371; x_wconf 70' lang='lat' dir='ltr'>Phoenicia,</span> <span class='ocrx_word' id='word_1_14' title='bbox 432 318 555 360; x_wconf 81' lang='lat' dir='ltr'>Antiocheno</span> <span class='ocrx_word' id='word_1_15' title='bbox 569 321 650 370; x_wconf 77' lang='lat' dir='ltr'><strong>regione</strong></span> <span class='ocrx_word' id='word_1_16' title='bbox 665 319 684 358; x_wconf 88' lang='lat' dir='ltr'>et</span> <span class='ocrx_word' id='word_1_17' title='bbox 699 315 843 370; x_wconf 77' lang='lat' dir='ltr'>cyprouvan.</span> <span class='ocrx_word' id='word_1_18' title='bbox 892 369 893 372; x_wconf 11' lang='grc' dir='ltr'><strong>Ἴ</strong></span> 
     </span>
     <span class='ocr_line' id='line_1_4' title="bbox 93 385 355 444; baseline -0.031 -11"><span class='ocrx_word' id='word_1_19' title='bbox 93 392 146 444; x_wconf 75' lang='lat' dir='ltr'>gello</span> <span class='ocrx_word' id='word_1_20' title='bbox 160 390 209 430; x_wconf 84' lang='lat' dir='ltr'>illes</span> <span class='ocrx_word' id='word_1_21' title='bbox 224 388 270 429; x_wconf 78' lang='lat' dir='ltr'>&lt;lata</span> <span class='ocrx_word' id='word_1_22' title='bbox 286 388 318 429; x_wconf 86' lang='lat' dir='ltr'>est</span> <span class='ocrx_word' id='word_1_23' title='bbox 337 385 355 441; x_wconf 73' lang='lat' dir='ltr'>l.</span> 
     </span>
    </p>
   </div>
   <div class='ocr_carea' id='block_1_3' title="bbox 58 467 880 2303">
    <p class='ocr_par' dir='ltr' id='par_1_3' title="bbox 58 467 848 991">
     <span class='ocr_line' id='line_1_5' title="bbox 159 467 844 525; baseline -0.018 -9"><span class='ocrx_word' id='word_1_24' title='bbox 159 475 242 516; x_wconf 86' lang='lat' dir='ltr'>Dubium</span> <span class='ocrx_word' id='word_1_25' title='bbox 256 476 299 525; x_wconf 85' lang='lat' dir='ltr'>esi,</span> <span class='ocrx_word' id='word_1_26' title='bbox 320 472 362 525; x_wconf 84' lang='lat' dir='ltr'>quis</span> <span class='ocrx_word' id='word_1_27' title='bbox 376 470 529 523; x_wconf 76' lang='lat' dir='ltr'><strong>Mesopotamiae</strong></span> <span class='ocrx_word' id='word_1_28' title='bbox 543 473 563 510; x_wconf 87' lang='lat' dir='ltr'>ct</span> <span class='ocrx_word' id='word_1_29' title='bbox 575 472 662 511; x_wconf 80' lang='lat' dir='ltr'>Persidis</span> <span class='ocrx_word' id='word_1_30' title='bbox 676 467 784 522; x_wconf 80' lang='lat' dir='ltr'><strong>Apostolus</strong></span> <span class='ocrx_word' id='word_1_31' title='bbox 799 467 844 505; x_wconf 89' lang='lat' dir='ltr'>iue-</span> 
     </span>
     <span class='ocr_line' id='line_1_6' title="bbox 92 534 845 596; baseline -0.016 -14"><span class='ocrx_word' id='word_1_32' title='bbox 92 543 126 583; x_wconf 88' lang='lat' dir='ltr'>rit.</span> <span class='ocrx_word' id='word_1_33' title='bbox 152 540 180 580; x_wconf 68' lang='lat' dir='ltr'>ln*</span> <span class='ocrx_word' id='word_1_34' title='bbox 195 541 221 580; x_wconf 86' lang='lat' dir='ltr'>N.</span> <span class='ocrx_word' id='word_1_35' title='bbox 241 541 266 580; x_wconf 82' lang='grc' dir='ltr'>Τ.</span> <span class='ocrx_word' id='word_1_36' title='bbox 284 541 346 580; x_wconf 86' lang='lat' dir='ltr'>nullus</span> <span class='ocrx_word' id='word_1_37' title='bbox 367 537 423 576; x_wconf 90' lang='lat' dir='ltr'>huius</span> <span class='ocrx_word' id='word_1_38' title='bbox 440 537 469 575; x_wconf 90' lang='lat' dir='ltr'>rei</span> <span class='ocrx_word' id='word_1_39' title='bbox 488 537 565 575; x_wconf 89' lang='lat' dir='ltr'>nuntius</span> <span class='ocrx_word' id='word_1_40' title='bbox 584 537 660 576; x_wconf 90' lang='lat' dir='ltr'>allatus.</span> <span class='ocrx_word' id='word_1_41' title='bbox 675 536 762 575; x_wconf 69' lang='lat' dir='ltr'>&#39;&#39;Parrlns</span> <span class='ocrx_word' id='word_1_42' title='bbox 775 544 812 596; x_wconf 80' lang='lat' dir='ltr'>uon</span> <span class='ocrx_word' id='word_1_43' title='bbox 827 534 845 570; x_wconf 90' lang='lat' dir='ltr'>in</span> 
     </span>
     <span class='ocr_line' id='line_1_7' title="bbox 96 597 845 659; baseline -0.02 -9"><span class='ocrx_word' id='word_1_44' title='bbox 96 609 204 659; x_wconf 76' lang='lat' dir='ltr'><strong>Orientem,</strong></span> <span class='ocrx_word' id='word_1_45' title='bbox 226 607 261 646; x_wconf 87' lang='lat' dir='ltr'>sed</span> <span class='ocrx_word' id='word_1_46' title='bbox 276 607 295 645; x_wconf 91' lang='lat' dir='ltr'>in</span> <span class='ocrx_word' id='word_1_47' title='bbox 309 597 431 645; x_wconf 73' lang='lat' dir='ltr'>Occidentem</span> <span class='ocrx_word' id='word_1_48' title='bbox 446 603 515 655; x_wconf 86' lang='lat' dir='ltr'>itinera</span> <span class='ocrx_word' id='word_1_49' title='bbox 529 602 624 650; x_wconf 82' lang='lat' dir='ltr'>faciebat3</span> <span class='ocrx_word' id='word_1_50' title='bbox 644 613 758 655; x_wconf 81' lang='lat' dir='ltr'>quocunqne</span> <span class='ocrx_word' id='word_1_51' title='bbox 773 602 845 651; x_wconf 81' lang='lat' dir='ltr'>uiarum</span> 
     </span>
     <span class='ocr_line' id='line_1_8' title="bbox 58 667 845 728; baseline -0.019 -11"><span class='ocrx_word' id='word_1_52' title='bbox 58 683 59 686; x_wconf 76' lang='grc'>’</span> <span class='ocrx_word' id='word_1_53' title='bbox 97 676 159 716; x_wconf 88' lang='lat' dir='ltr'>ceteri</span> <span class='ocrx_word' id='word_1_54' title='bbox 173 673 265 726; x_wconf 74' lang='lat' dir='ltr'>Apostoli</span> <span class='ocrx_word' id='word_1_55' title='bbox 283 673 346 712; x_wconf 79' lang='lat' dir='ltr'>neoti·</span> <span class='ocrx_word' id='word_1_56' title='bbox 358 671 415 720; x_wconf 45' lang='lat' dir='ltr'>sinis</span> <span class='ocrx_word' id='word_1_57' title='bbox 427 681 464 708; x_wconf 91' lang='lat' dir='ltr'>uon</span> <span class='ocrx_word' id='word_1_58' title='bbox 473 668 564 728; x_wconf 24' lang='lat' dir='ltr'>*traditur</span> <span class='ocrx_word' id='word_1_59' title='bbox 579 669 597 707; x_wconf 91' lang='lat' dir='ltr'>in</span> <span class='ocrx_word' id='word_1_60' title='bbox 610 668 667 707; x_wconf 81' lang='lat' dir='ltr'>Actis</span> <span class='ocrx_word' id='word_1_61' title='bbox 672 681 678 714; x_wconf 88' lang='lat'>;</span> <span class='ocrx_word' id='word_1_62' title='bbox 697 667 786 705; x_wconf 75' lang='lat' dir='ltr'>narratur</span> <span class='ocrx_word' id='word_1_63' title='bbox 800 668 845 704; x_wconf 90' lang='lat' dir='ltr'>tan-</span> 
     </span>
     <span class='ocr_line' id='line_1_9' title="bbox 96 729 845 790; baseline -0.016 -9"><span class='ocrx_word' id='word_1_64' title='bbox 96 740 201 790; x_wconf 80' lang='lat' dir='ltr'>tummodo,</span> <span class='ocrx_word' id='word_1_65' title='bbox 224 739 244 778; x_wconf 90' lang='lat' dir='ltr'>et</span> <span class='ocrx_word' id='word_1_66' title='bbox 261 737 338 777; x_wconf 84' lang='lat' dir='ltr'>ludaeis</span> <span class='ocrx_word' id='word_1_67' title='bbox 357 737 377 776; x_wconf 92' lang='lat' dir='ltr'>et</span> <span class='ocrx_word' id='word_1_68' title='bbox 397 734 489 786; x_wconf 81' lang='lat' dir='ltr'>Graecis,</span> <span class='ocrx_word' id='word_1_69' title='bbox 512 735 531 774; x_wconf 91' lang='lat' dir='ltr'>in</span> <span class='ocrx_word' id='word_1_70' title='bbox 550 734 622 774; x_wconf 77' lang='lat' dir='ltr'>Iudaea</span> <span class='ocrx_word' id='word_1_71' title='bbox 642 735 662 773; x_wconf 92' lang='lat' dir='ltr'>et</span> <span class='ocrx_word' id='word_1_72' title='bbox 680 732 766 772; x_wconf 78' lang='lat' dir='ltr'>Samaria</span> <span class='ocrx_word' id='word_1_73' title='bbox 784 729 845 770; x_wconf 82' lang='lat' dir='ltr'>etad</span> 
     </span>
     <span class='ocr_line' id='line_1_10' title="bbox 96 796 846 857; baseline -0.017 -10"><span class='ocrx_word' id='word_1_74' title='bbox 96 807 144 847; x_wconf 83' lang='lat' dir='ltr'>fines</span> <span class='ocrx_word' id='word_1_75' title='bbox 166 814 232 857; x_wconf 51' lang='lat' dir='ltr'>nsque¹</span> <span class='ocrx_word' id='word_1_76' title='bbox 251 805 315 843; x_wconf 86' lang='lat' dir='ltr'>terrae</span> <span class='ocrx_word' id='word_1_77' title='bbox 332 802 462 851; x_wconf 75' lang='lat' dir='ltr'>Evangelinm</span> <span class='ocrx_word' id='word_1_78' title='bbox 486 813 531 841; x_wconf 90' lang='lat' dir='ltr'>esse</span> <span class='ocrx_word' id='word_1_79' title='bbox 554 800 694 852; x_wconf 82' lang='lat' dir='ltr'>praelicatnm3</span> <span class='ocrx_word' id='word_1_80' title='bbox 718 796 846 855; x_wconf 76' lang='lat' dir='ltr'>Euangelium</span> 
     </span>
     <span class='ocr_line' id='line_1_11' title="bbox 97 863 848 919; baseline -0.019 -6"><span class='ocrx_word' id='word_1_81' title='bbox 97 874 206 913; x_wconf 87' lang='lat' dir='ltr'>eiectume</span> <span class='ocrx_word' id='word_1_82' title='bbox 226 868 322 919; x_wconf 81' lang='lat' dir='ltr'>Syuelrio</span> <span class='ocrx_word' id='word_1_83' title='bbox 343 870 363 907; x_wconf 89' lang='lat' dir='ltr'>et</span> <span class='ocrx_word' id='word_1_84' title='bbox 386 868 456 919; x_wconf 85' lang='lat' dir='ltr'>ternplo</span> <span class='ocrx_word' id='word_1_85' title='bbox 476 867 652 917; x_wconf 87' lang='lat' dir='ltr'>Hierosolymiiano</span> <span class='ocrx_word' id='word_1_86' title='bbox 672 867 695 905; x_wconf 82' lang='lat' dir='ltr'>ml</span> <span class='ocrx_word' id='word_1_87' title='bbox 713 863 848 904; x_wconf 87' lang='lat' dir='ltr'>Procuratoris</span> 
     </span>
     <span class='ocr_line' id='line_1_12' title="bbox 98 932 750 991; baseline -0.014 -14"><span class='ocrx_word' id='word_1_88' title='bbox 98 950 160 991; x_wconf 85' lang='lat' dir='ltr'>usque</span> <span class='ocrx_word' id='word_1_89' title='bbox 176 935 276 975; x_wconf 86' lang='lat' dir='ltr'>tribunalia</span> <span class='ocrx_word' id='word_1_90' title='bbox 293 935 313 972; x_wconf 89' lang='lat' dir='ltr'>et</span> <span class='ocrx_word' id='word_1_91' title='bbox 329 934 421 973; x_wconf 87' lang='lat' dir='ltr'>subsellia</span> <span class='ocrx_word' id='word_1_92' title='bbox 436 932 528 990; x_wconf 82' lang='lat' dir='ltr'>Caesaris</span> <span class='ocrx_word' id='word_1_93' title='bbox 543 943 587 971; x_wconf 87' lang='lat' dir='ltr'>esse</span> <span class='ocrx_word' id='word_1_94' title='bbox 601 933 702 984; x_wconf 88' lang='lat' dir='ltr'>prolatum.</span> <span class='ocrx_word' id='word_1_95' title='bbox 744 942 750 952; x_wconf 43' lang='lat'>*⁴</span> 
     </span>
    </p>

    <p class='ocr_par' dir='ltr' id='par_1_4' title="bbox 86 992 880 2303">
     <span class='ocr_line' id='line_1_13' title="bbox 164 992 848 1052; baseline -0.016 -11"><span class='ocrx_word' id='word_1_96' title='bbox 164 995 233 1052; x_wconf 83' lang='lat' dir='ltr'>Neque</span> <span class='ocrx_word' id='word_1_97' title='bbox 248 1012 296 1039; x_wconf 88' lang='lat' dir='ltr'>vero</span> <span class='ocrx_word' id='word_1_98' title='bbox 312 1000 331 1037; x_wconf 94' lang='lat' dir='ltr'>iu</span> <span class='ocrx_word' id='word_1_99' title='bbox 345 999 440 1050; x_wconf 88' lang='lat' dir='ltr'>Epistolis</span> <span class='ocrx_word' id='word_1_100' title='bbox 456 999 544 1047; x_wconf 71' lang='lat' dir='ltr'>uestigia</span> <span class='ocrx_word' id='word_1_101' title='bbox 557 998 596 1037; x_wconf 88' lang='lat' dir='ltr'>nlla</span> <span class='ocrx_word' id='word_1_102' title='bbox 609 998 730 1048; x_wconf 84' lang='lat' dir='ltr'>reperiuntur</span> <span class='ocrx_word' id='word_1_103' title='bbox 744 992 848 1052; x_wconf 70' lang='lat' dir='ltr'>Evangelii</span> 
     </span>
     <span class='ocr_line' id='line_1_14' title="bbox 98 1062 847 1118; baseline -0.015 -10"><span class='ocrx_word' id='word_1_104' title='bbox 98 1070 151 1108; x_wconf 85' lang='lat' dir='ltr'>trans</span> <span class='ocrx_word' id='word_1_105' title='bbox 165 1065 283 1118; x_wconf 72' lang='lat' dir='ltr'>Euphratem</span> <span class='ocrx_word' id='word_1_106' title='bbox 296 1066 408 1116; x_wconf 77' lang='lat' dir='ltr'>propagati.</span> <span class='ocrx_word' id='word_1_107' title='bbox 436 1064 490 1104; x_wconf 90' lang='lat' dir='ltr'>Petri</span> <span class='ocrx_word' id='word_1_108' title='bbox 503 1063 520 1114; x_wconf 84' lang='lat' dir='ltr'>l,</span> <span class='ocrx_word' id='word_1_109' title='bbox 537 1062 556 1102; x_wconf 89' lang='lat'>1.</span> <span class='ocrx_word' id='word_1_110' title='bbox 570 1063 622 1102; x_wconf 92' lang='lat' dir='ltr'>nulla</span> <span class='ocrx_word' id='word_1_111' title='bbox 630 1062 783 1115; x_wconf 78' lang='lat' dir='ltr'>Mesopotamiae</span> <span class='ocrx_word' id='word_1_112' title='bbox 792 1071 847 1098; x_wconf 84' lang='lat' dir='ltr'>urcun-</span> 
     </span>
     <span class='ocr_line' id='line_1_15' title="bbox 99 1127 848 1182; baseline -0.016 -8"><span class='ocrx_word' id='word_1_113' title='bbox 99 1135 126 1174; x_wconf 81' lang='lat' dir='ltr'>tro</span> <span class='ocrx_word' id='word_1_114' title='bbox 142 1133 170 1172; x_wconf 81' lang='lat' dir='ltr'>ht.</span> <span class='ocrx_word' id='word_1_115' title='bbox 197 1131 248 1171; x_wconf 85' lang='lat' dir='ltr'>Sunt</span> <span class='ocrx_word' id='word_1_116' title='bbox 261 1129 347 1182; x_wconf 79' lang='lat' dir='ltr'>quidem,</span> <span class='ocrx_word' id='word_1_117' title='bbox 369 1131 401 1181; x_wconf 83' lang='lat' dir='ltr'>qni</span> <span class='ocrx_word' id='word_1_118' title='bbox 413 1130 490 1169; x_wconf 87' lang='lat' dir='ltr'>Petrum</span> <span class='ocrx_word' id='word_1_119' title='bbox 504 1129 604 1178; x_wconf 74' lang='lat' dir='ltr'>Babylone</span> <span class='ocrx_word' id='word_1_120' title='bbox 622 1129 735 1181; x_wconf 80' lang='lat' dir='ltr'>aliquamdiu</span> <span class='ocrx_word' id='word_1_121' title='bbox 749 1127 848 1166; x_wconf 84' lang='lat' dir='ltr'>uersatum</span> 
     </span>
     <span class='ocr_line' id='line_1_16' title="bbox 97 1192 848 1246; baseline -0.009 -10"><span class='ocrx_word' id='word_1_122' title='bbox 97 1199 159 1236; x_wconf 86' lang='lat' dir='ltr'>fuisse</span> <span class='ocrx_word' id='word_1_123' title='bbox 179 1196 278 1235; x_wconf 91' lang='lat' dir='ltr'>autument</span> <span class='ocrx_word' id='word_1_124' title='bbox 296 1194 339 1234; x_wconf 87' lang='lat' dir='ltr'>loco</span> <span class='ocrx_word' id='word_1_125' title='bbox 354 1195 415 1232; x_wconf 89' lang='lat' dir='ltr'>innixi</span> <span class='ocrx_word' id='word_1_126' title='bbox 429 1193 445 1233; x_wconf 91' lang='grc' dir='ltr'>Ι.</span> <span class='ocrx_word' id='word_1_127' title='bbox 460 1194 514 1234; x_wconf 87' lang='lat' dir='ltr'>Petri</span> <span class='ocrx_word' id='word_1_128' title='bbox 528 1194 556 1246; x_wconf 81' lang='lat' dir='ltr'>V,</span> <span class='ocrx_word' id='word_1_129' title='bbox 578 1193 622 1235; x_wconf 74' lang='lat' dir='ltr'>la:</span> <span class='ocrx_word' id='word_1_130' title='bbox 636 1196 741 1246; x_wconf 71' lang='lat' dir='ltr'>Erasmus,</span> <span class='ocrx_word' id='word_1_131' title='bbox 760 1192 848 1240; x_wconf 77' lang='lat' dir='ltr'>orosius,</span> 
     </span>
     <span class='ocr_line' id='line_1_17' title="bbox 86 1259 848 1315; baseline -0.009 -11"><span class='ocrx_word' id='word_1_132' title='bbox 86 1259 221 1315; x_wconf 16' lang='lat' dir='ltr'>‘Rasnagius7</span> <span class='ocrx_word' id='word_1_133' title='bbox 240 1261 290 1301; x_wconf 90' lang='lat' dir='ltr'>inter</span> <span class='ocrx_word' id='word_1_134' title='bbox 305 1261 424 1305; x_wconf 87' lang='lat' dir='ltr'>recentiores</span> <span class='ocrx_word' id='word_1_135' title='bbox 439 1260 529 1300; x_wconf 84' lang='lat' dir='ltr'>Neander</span> <span class='ocrx_word' id='word_1_136' title='bbox 543 1262 620 1314; x_wconf 88' lang='lat' dir='ltr'>aliique.</span> <span class='ocrx_word' id='word_1_137' title='bbox 649 1262 689 1303; x_wconf 86' lang='lat' dir='ltr'>Sed</span> <span class='ocrx_word' id='word_1_138' title='bbox 702 1261 801 1312; x_wconf 75' lang='lat' dir='ltr'>Babylone</span> <span class='ocrx_word' id='word_1_139' title='bbox 815 1259 848 1298; x_wconf 91' lang='lat' dir='ltr'>illo</span> 
     </span>
     <span class='ocr_line' id='line_1_18' title="bbox 98 1320 849 1382; baseline -0.009 -12"><span class='ocrx_word' id='word_1_140' title='bbox 98 1320 185 1382; x_wconf 83' lang='lat' dir='ltr'>iernrpore</span> <span class='ocrx_word' id='word_1_141' title='bbox 201 1328 250 1368; x_wconf 83' lang='lat' dir='ltr'>satis</span> <span class='ocrx_word' id='word_1_142' title='bbox 264 1328 369 1365; x_wconf 59' lang='lat' dir='ltr'>aenrastata</span> <span class='ocrx_word' id='word_1_143' title='bbox 384 1328 404 1366; x_wconf 93' lang='lat' dir='ltr'>et</span> <span class='ocrx_word' id='word_1_144' title='bbox 416 1327 458 1365; x_wconf 85' lang='lat' dir='ltr'>fere</span> <span class='ocrx_word' id='word_1_145' title='bbox 468 1327 530 1366; x_wconf 83' lang='lat' dir='ltr'>diruta</span> <span class='ocrx_word' id='word_1_146' title='bbox 538 1326 570 1366; x_wconf 91' lang='lat' dir='ltr'>alii</span> <span class='ocrx_word' id='word_1_147' title='bbox 579 1330 600 1366; x_wconf 86' lang='lat' dir='ltr'>ut</span> <span class='ocrx_word' id='word_1_148' title='bbox 608 1327 745 1380; x_wconf 70' lang='lat' dir='ltr'>Spanianum,</span> <span class='ocrx_word' id='word_1_149' title='bbox 761 1328 849 1366; x_wconf 88' lang='lat' dir='ltr'>Pearso-</span> 
     </span>
     <span class='ocr_line' id='line_1_19' title="bbox 94 1391 849 1447; baseline -0.008 -12"><span class='ocrx_word' id='word_1_150' title='bbox 94 1397 150 1447; x_wconf 81' lang='lat' dir='ltr'>nius,</span> <span class='ocrx_word' id='word_1_151' title='bbox 164 1392 265 1435; x_wconf 72' lang='lat' dir='ltr'>&#39;Calavios</span> <span class='ocrx_word' id='word_1_152' title='bbox 279 1391 315 1431; x_wconf 91' lang='lat' dir='ltr'>hoc</span> <span class='ocrx_word' id='word_1_153' title='bbox 329 1392 373 1432; x_wconf 89' lang='lat' dir='ltr'>loco</span> <span class='ocrx_word' id='word_1_154' title='bbox 388 1392 506 1444; x_wconf 79' lang='lat' dir='ltr'>Babylonem</span> <span class='ocrx_word' id='word_1_155' title='bbox 519 1392 666 1445; x_wconf 76' lang='lat' dir='ltr'>Aegyptiacam</span> <span class='ocrx_word' id='word_1_156' title='bbox 680 1407 697 1432; x_wconf 90' lang='lat' dir='ltr'>s.</span> <span class='ocrx_word' id='word_1_157' title='bbox 708 1391 849 1444; x_wconf 86' lang='lat' dir='ltr'>lllernphitieam</span> 
     </span>
     <span class='ocr_line' id='line_1_20' title="bbox 97 1457 848 1515; baseline -0.008 -14"><span class='ocrx_word' id='word_1_158' title='bbox 97 1461 219 1510; x_wconf 75' lang='lat' dir='ltr'>intelligunt,</span> <span class='ocrx_word' id='word_1_159' title='bbox 241 1471 265 1505; x_wconf 86' lang='lat' dir='ltr'>eo</span> <span class='ocrx_word' id='word_1_160' title='bbox 282 1458 336 1515; x_wconf 85' lang='lat' dir='ltr'>simul</span> <span class='ocrx_word' id='word_1_161' title='bbox 356 1460 386 1496; x_wconf 89' lang='lat' dir='ltr'>nsi</span> <span class='ocrx_word' id='word_1_162' title='bbox 405 1462 531 1511; x_wconf 69' lang='lat' dir='ltr'>angariante,</span> <span class='ocrx_word' id='word_1_163' title='bbox 545 1461 608 1512; x_wconf 74' lang='lat' dir='ltr'>vquorl</span> <span class='ocrx_word' id='word_1_164' title='bbox 624 1461 691 1499; x_wconf 83' lang='lat' dir='ltr'>eodem</span> <span class='ocrx_word' id='word_1_165' title='bbox 710 1472 769 1499; x_wconf 86' lang='lat' dir='ltr'>versu</span> <span class='ocrx_word' id='word_1_166' title='bbox 786 1457 848 1497; x_wconf 87' lang='lat' dir='ltr'>Marci</span> 
     </span>
     <span class='ocr_line' id='line_1_21' title="bbox 99 1515 849 1576; baseline -0.007 -10"><span class='ocrx_word' id='word_1_167' title='bbox 99 1525 191 1566; x_wconf 83' lang='lat' dir='ltr'>salutatio</span> <span class='ocrx_word' id='word_1_168' title='bbox 204 1515 334 1574; x_wconf 70' lang='lat' dir='ltr'>continemini,</span> <span class='ocrx_word' id='word_1_169' title='bbox 355 1535 409 1574; x_wconf 80' lang='lat' dir='ltr'>quaem</span> <span class='ocrx_word' id='word_1_170' title='bbox 429 1525 491 1574; x_wconf 76' lang='lat' dir='ltr'>vulgo</span> <span class='ocrx_word' id='word_1_171' title='bbox 505 1526 596 1576; x_wconf 76' lang='lat' dir='ltr'>Aegypti</span> <span class='ocrx_word' id='word_1_172' title='bbox 611 1526 758 1576; x_wconf 74' lang='lat' dir='ltr'>Euangelistam</span> <span class='ocrx_word' id='word_1_173' title='bbox 771 1524 849 1564; x_wconf 85' lang='lat' dir='ltr'>habent.</span> 
     </span>
     <span class='ocr_line' id='line_1_22' title="bbox 98 1589 849 1643; baseline -0.007 -10"><span class='ocrx_word' id='word_1_174' title='bbox 98 1591 192 1643; x_wconf 78' lang='lat' dir='ltr'>Accedit,</span> <span class='ocrx_word' id='word_1_175' title='bbox 211 1591 263 1643; x_wconf 79' lang='lat' dir='ltr'>quoa</span> <span class='ocrx_word' id='word_1_176' title='bbox 276 1589 369 1640; x_wconf 79' lang='lat' dir='ltr'>Syrorum</span> <span class='ocrx_word' id='word_1_177' title='bbox 383 1591 467 1641; x_wconf 83' lang='lat' dir='ltr'>ipsorum</span> <span class='ocrx_word' id='word_1_178' title='bbox 482 1591 559 1631; x_wconf 85' lang='lat' dir='ltr'>traditio</span> <span class='ocrx_word' id='word_1_179' title='bbox 574 1592 656 1636; x_wconf 49' lang='lat' dir='ltr'>Petrum,</span> <span class='ocrx_word' id='word_1_180' title='bbox 666 1604 703 1631; x_wconf 90' lang='lat' dir='ltr'>non</span> <span class='ocrx_word' id='word_1_181' title='bbox 716 1592 802 1630; x_wconf 87' lang='lat' dir='ltr'>numeret</span> <span class='ocrx_word' id='word_1_182' title='bbox 817 1591 849 1628; x_wconf 89' lang='lat' dir='ltr'>in-</span> 
     </span>
     <span class='ocr_line' id='line_1_23' title="bbox 98 1653 848 1709; baseline -0.007 -10"><span class='ocrx_word' id='word_1_183' title='bbox 98 1661 129 1699; x_wconf 86' lang='lat' dir='ltr'>ter</span> <span class='ocrx_word' id='word_1_184' title='bbox 144 1657 276 1708; x_wconf 88' lang='lat' dir='ltr'>Babylonieae</span> <span class='ocrx_word' id='word_1_185' title='bbox 289 1657 354 1696; x_wconf 82' lang='lat' dir='ltr'>terrae</span> <span class='ocrx_word' id='word_1_186' title='bbox 366 1655 475 1708; x_wconf 81' lang='lat' dir='ltr'>Apostolos</span> <span class='ocrx_word' id='word_1_187' title='bbox 486 1653 517 1709; x_wconf 66' lang='grc'>2],</span> <span class='ocrx_word' id='word_1_188' title='bbox 537 1669 585 1709; x_wconf 89' lang='lat' dir='ltr'>quos</span> <span class='ocrx_word' id='word_1_189' title='bbox 600 1658 660 1696; x_wconf 87' lang='lat' dir='ltr'>inisse</span> <span class='ocrx_word' id='word_1_190' title='bbox 674 1661 752 1698; x_wconf 84' lang='lat' dir='ltr'>narrant</span> <span class='ocrx_word' id='word_1_191' title='bbox 762 1654 848 1696; x_wconf 86' lang='lat' dir='ltr'>Bartho-</span> 
     </span>
     <span class='ocr_line' id='line_1_24' title="bbox 98 1720 849 1775; baseline -0.004 -12"><span class='ocrx_word' id='word_1_192' title='bbox 98 1720 203 1774; x_wconf 74' lang='lat' dir='ltr'>lomaehm,</span> <span class='ocrx_word' id='word_1_193' title='bbox 217 1743 242 1750; x_wconf 85' lang='lat'><em>-</em></span> <span class='ocrx_word' id='word_1_194' title='bbox 259 1734 314 1774; x_wconf 86' lang='lat' dir='ltr'>quem</span> <span class='ocrx_word' id='word_1_195' title='bbox 329 1722 408 1761; x_wconf 83' lang='lat' dir='ltr'>crrrnlem</span> <span class='ocrx_word' id='word_1_196' title='bbox 421 1723 492 1762; x_wconf 86' lang='lat' dir='ltr'>hahent</span> <span class='ocrx_word' id='word_1_197' title='bbox 507 1735 562 1775; x_wconf 81' lang='lat' dir='ltr'>quem</span> <span class='ocrx_word' id='word_1_198' title='bbox 571 1723 708 1763; x_wconf 88' lang='lat' dir='ltr'>Nathanaelem</span> <span class='ocrx_word' id='word_1_199' title='bbox 724 1746 749 1752; x_wconf 71' lang='lat'><em>-</em></span> <span class='ocrx_word' id='word_1_200' title='bbox 762 1726 782 1763; x_wconf 89' lang='lat' dir='ltr'>et</span> <span class='ocrx_word' id='word_1_201' title='bbox 791 1722 849 1761; x_wconf 86' lang='lat' dir='ltr'>Tho-</span> 
     </span>
     <span class='ocr_line' id='line_1_25' title="bbox 99 1787 851 1842; baseline -0.001 -12"><span class='ocrx_word' id='word_1_202' title='bbox 99 1803 158 1842; x_wconf 79' lang='lat' dir='ltr'>mam,</span> <span class='ocrx_word' id='word_1_203' title='bbox 180 1787 272 1842; x_wconf 81' lang='lat' dir='ltr'>simulque</span> <span class='ocrx_word' id='word_1_204' title='bbox 292 1799 318 1827; x_wconf 85' lang='lat' dir='ltr'>ex</span> <span class='ocrx_word' id='word_1_205' title='bbox 331 1787 387 1827; x_wconf 84' lang='lat' dir='ltr'>LXX</span> <span class='ocrx_word' id='word_1_206' title='bbox 406 1789 505 1841; x_wconf 82' lang='lat' dir='ltr'>discipulis</span> <span class='ocrx_word' id='word_1_207' title='bbox 520 1789 606 1829; x_wconf 86' lang='lat' dir='ltr'>Adaeum</span> <span class='ocrx_word' id='word_1_208' title='bbox 622 1792 642 1829; x_wconf 89' lang='lat' dir='ltr'>et</span> <span class='ocrx_word' id='word_1_209' title='bbox 655 1790 734 1830; x_wconf 81' lang='lat' dir='ltr'>Marem.</span> <span class='ocrx_word' id='word_1_210' title='bbox 762 1790 851 1829; x_wconf 79' lang='lat' dir='ltr'>Tradunt</span> 
     </span>
     <span class='ocr_line' id='line_1_26' title="bbox 100 1854 848 1910; baseline -0.001 -13"><span class='ocrx_word' id='word_1_211' title='bbox 100 1858 149 1897; x_wconf 91' lang='lat' dir='ltr'>enim</span> <span class='ocrx_word' id='word_1_212' title='bbox 163 1855 270 1908; x_wconf 86' lang='lat' dir='ltr'>scriptores</span> <span class='ocrx_word' id='word_1_213' title='bbox 283 1855 402 1906; x_wconf 84' lang='lat' dir='ltr'>posteriores</span> <span class='ocrx_word' id='word_1_214' title='bbox 417 1854 440 1894; x_wconf 92' lang='lat' dir='ltr'>ah</span> <span class='ocrx_word' id='word_1_215' title='bbox 456 1856 562 1897; x_wconf 87' lang='lat' dir='ltr'>Assemano</span> <span class='ocrx_word' id='word_1_216' title='bbox 575 1854 608 1909; x_wconf 82' lang='lat' dir='ltr'>[B.</span> <span class='ocrx_word' id='word_1_217' title='bbox 622 1856 645 1897; x_wconf 87' lang='lat'>0.</span> <span class='ocrx_word' id='word_1_218' title='bbox 656 1856 693 1908; x_wconf 89' lang='grc' dir='ltr'>ΙΙΙ,</span> <span class='ocrx_word' id='word_1_219' title='bbox 713 1858 737 1909; x_wconf 69' lang='lat'>2„</span> <span class='ocrx_word' id='word_1_220' title='bbox 754 1870 802 1910; x_wconf 73' lang='lat' dir='ltr'>pag.</span> <span class='ocrx_word' id='word_1_221' title='bbox 816 1854 848 1908; x_wconf 74' lang='lat'>5.)</span> 
     </span>
     <span class='ocr_line' id='line_1_27' title="bbox 98 1919 848 1975; baseline -0.003 -12"><span class='ocrx_word' id='word_1_222' title='bbox 98 1920 185 1973; x_wconf 51' lang='lat' dir='ltr'>laudati,¹</span> <span class='ocrx_word' id='word_1_223' title='bbox 200 1922 289 1961; x_wconf 80' lang='lat' dir='ltr'>docuisse</span> <span class='ocrx_word' id='word_1_224' title='bbox 302 1921 346 1960; x_wconf 86' lang='lat' dir='ltr'>illos</span> <span class='ocrx_word' id='word_1_225' title='bbox 359 1921 447 1960; x_wconf 78' lang='lat' dir='ltr'>Geuiram</span> <span class='ocrx_word' id='word_1_226' title='bbox 462 1919 642 1974; x_wconf 76' lang='lat' dir='ltr'>(Mesopotamiam)</span> <span class='ocrx_word' id='word_1_227' title='bbox 658 1925 677 1962; x_wconf 90' lang='lat' dir='ltr'>et</span> <span class='ocrx_word' id='word_1_228' title='bbox 691 1923 756 1962; x_wconf 93' lang='lat' dir='ltr'>Mosul</span> <span class='ocrx_word' id='word_1_229' title='bbox 769 1920 848 1975; x_wconf 87' lang='lat' dir='ltr'>[Assy-</span> 
     </span>
     <span class='ocr_line' id='line_1_28' title="bbox 97 1977 880 2042; baseline -0.004 -14"><span class='ocrx_word' id='word_1_230' title='bbox 97 1977 155 2042; x_wconf 69' lang='lat' dir='ltr'>riam]</span> <span class='ocrx_word' id='word_1_231' title='bbox 169 1990 189 2028; x_wconf 87' lang='lat' dir='ltr'>et</span> <span class='ocrx_word' id='word_1_232' title='bbox 198 1986 297 2027; x_wconf 76' lang='lat' dir='ltr'>Savariam</span> <span class='ocrx_word' id='word_1_233' title='bbox 312 1985 451 2037; x_wconf 71' lang='lat' dir='ltr'>(Olnaldaeamj</span> <span class='ocrx_word' id='word_1_234' title='bbox 464 1987 484 2024; x_wconf 85' lang='lat' dir='ltr'>et</span> <span class='ocrx_word' id='word_1_235' title='bbox 492 1987 617 2037; x_wconf 88' lang='lat' dir='ltr'>Babyloniam</span> <span class='ocrx_word' id='word_1_236' title='bbox 630 1990 650 2026; x_wconf 88' lang='lat' dir='ltr'>et</span> <span class='ocrx_word' id='word_1_237' title='bbox 660 1988 785 2027; x_wconf 82' lang='lat' dir='ltr'>Adiabenam.</span> <span class='ocrx_word' id='word_1_238' title='bbox 812 1987 848 2025; x_wconf 84' lang='lat' dir='ltr'>Est</span> <span class='ocrx_word' id='word_1_239' title='bbox 877 1992 880 1995; x_wconf 74' lang='grc'>’</span> 
     </span>
     <span class='ocr_line' id='line_1_29' title="bbox 98 2049 849 2102; baseline -0.003 -8"><span class='ocrx_word' id='word_1_240' title='bbox 98 2056 162 2102; x_wconf 89' lang='lat' dir='ltr'>tamen</span> <span class='ocrx_word' id='word_1_241' title='bbox 181 2054 229 2093; x_wconf 88' lang='lat' dir='ltr'>satis</span> <span class='ocrx_word' id='word_1_242' title='bbox 248 2049 359 2092; x_wconf 83' lang='lat' dir='ltr'>inconstans</span> <span class='ocrx_word' id='word_1_243' title='bbox 378 2051 415 2090; x_wconf 89' lang='lat' dir='ltr'>sibi</span> <span class='ocrx_word' id='word_1_244' title='bbox 433 2053 453 2091; x_wconf 91' lang='lat' dir='ltr'>et</span> <span class='ocrx_word' id='word_1_245' title='bbox 472 2051 529 2092; x_wconf 81' lang='lat' dir='ltr'>durbia</span> <span class='ocrx_word' id='word_1_246' title='bbox 542 2053 590 2092; x_wconf 86' lang='lat' dir='ltr'>haee</span> <span class='ocrx_word' id='word_1_247' title='bbox 603 2054 687 2093; x_wconf 84' lang='lat' dir='ltr'>traditio.</span> <span class='ocrx_word' id='word_1_248' title='bbox 715 2053 765 2092; x_wconf 86' lang='lat' dir='ltr'>Prae</span> <span class='ocrx_word' id='word_1_249' title='bbox 778 2055 849 2093; x_wconf 89' lang='lat' dir='ltr'>ceteris</span> 
     </span>
     <span class='ocr_line' id='line_1_30' title="bbox 98 2111 848 2174; baseline 0 -16"><span class='ocrx_word' id='word_1_250' title='bbox 98 2111 257 2158; x_wconf 88' lang='lat' dir='ltr'>Bartholomaeus</span> <span class='ocrx_word' id='word_1_251' title='bbox 277 2129 304 2156; x_wconf 79' lang='lat' dir='ltr'>ex</span> <span class='ocrx_word' id='word_1_252' title='bbox 321 2116 360 2158; x_wconf 90' lang='lat' dir='ltr'>Xll</span> <span class='ocrx_word' id='word_1_253' title='bbox 379 2118 459 2157; x_wconf 75' lang='lat' dir='ltr'>nourriuc,</span> <span class='ocrx_word' id='word_1_254' title='bbox 471 2118 573 2170; x_wconf 73' lang='lat' dir='ltr'>insignitur</span> <span class='ocrx_word' id='word_1_255' title='bbox 592 2119 686 2171; x_wconf 85' lang='lat' dir='ltr'>Apostoli</span> <span class='ocrx_word' id='word_1_256' title='bbox 702 2118 848 2174; x_wconf 79' lang='lat' dir='ltr'>Ananiaeouum,</span> 
     </span>
     <span class='ocr_line' id='line_1_31' title="bbox 99 2182 847 2237; baseline -0.001 -13"><span class='ocrx_word' id='word_1_257' title='bbox 99 2183 185 2230; x_wconf 81' lang='lat' dir='ltr'>Thomas</span> <span class='ocrx_word' id='word_1_258' title='bbox 204 2194 252 2223; x_wconf 86' lang='lat' dir='ltr'>veno</span> <span class='ocrx_word' id='word_1_259' title='bbox 272 2182 372 2235; x_wconf 80' lang='lat' dir='ltr'>inimum,</span> <span class='ocrx_word' id='word_1_260' title='bbox 397 2184 449 2223; x_wconf 89' lang='lat' dir='ltr'>euius</span> <span class='ocrx_word' id='word_1_261' title='bbox 469 2197 540 2237; x_wconf 88' lang='lat' dir='ltr'>corpus</span> <span class='ocrx_word' id='word_1_262' title='bbox 559 2186 652 2225; x_wconf 85' lang='lat' dir='ltr'>Edessam</span> <span class='ocrx_word' id='word_1_263' title='bbox 672 2186 783 2226; x_wconf 41' lang='lat' dir='ltr'>laranslatum</span> <span class='ocrx_word' id='word_1_264' title='bbox 803 2197 847 2223; x_wconf 84' lang='lat' dir='ltr'>esse</span> 
     </span>
     <span class='ocr_line' id='line_1_32' title="bbox 99 2247 849 2303; baseline 0.001 -14"><span class='ocrx_word' id='word_1_265' title='bbox 99 2249 208 2303; x_wconf 88' lang='lat' dir='ltr'>perhibent.</span> <span class='ocrx_word' id='word_1_266' title='bbox 235 2247 287 2302; x_wconf 78' lang='lat' dir='ltr'>Quae</span> <span class='ocrx_word' id='word_1_267' title='bbox 306 2248 330 2288; x_wconf 82' lang='lat' dir='ltr'>de</span> <span class='ocrx_word' id='word_1_268' title='bbox 350 2248 443 2290; x_wconf 82' lang='lat' dir='ltr'>Matthaei</span> <span class='ocrx_word' id='word_1_269' title='bbox 463 2252 483 2291; x_wconf 88' lang='lat' dir='ltr'>et</span> <span class='ocrx_word' id='word_1_270' title='bbox 499 2250 570 2302; x_wconf 77' lang='lat' dir='ltr'>inulae,</span> <span class='ocrx_word' id='word_1_271' title='bbox 594 2251 627 2291; x_wconf 91' lang='lat' dir='ltr'>filii</span> <span class='ocrx_word' id='word_1_272' title='bbox 648 2251 713 2292; x_wconf 88' lang='lat' dir='ltr'>iacobi</span> <span class='ocrx_word' id='word_1_273' title='bbox 733 2265 749 2291; x_wconf 91' lang='lat' dir='ltr'>s.</span> <span class='ocrx_word' id='word_1_274' title='bbox 763 2251 849 2291; x_wconf 75' lang='lat' dir='ltr'>labbaei</span> 
     </span>
    </p>
   </div>
   <div class='ocr_carea' id='block_1_4' title="bbox 106 2358 235 2365">
    <p class='ocr_par' dir='ltr' id='par_1_5' title="bbox 106 2358 235 2365">
     <span class='ocr_line' id='line_1_33' title="bbox 106 2358 235 2365; baseline 0.008 -1"><span class='ocrx_word' id='word_1_275' title='bbox 106 2358 235 2365; x_wconf 51' lang='grc' dir='ltr'>Ἠ</span> 
     </span>
    </p>
   </div>
   <div class='ocr_carea' id='block_1_5' title="bbox 101 2425 849 2646">
    <p class='ocr_par' dir='ltr' id='par_1_6' title="bbox 101 2425 849 2646">
     <span class='ocr_line' id='line_1_34' title="bbox 168 2425 849 2479; baseline 0.007 -10"><span class='ocrx_word' id='word_1_276' title='bbox 168 2432 188 2477; x_wconf 83' lang='lat'>1)</span> <span class='ocrx_word' id='word_1_277' title='bbox 199 2433 217 2469; x_wconf 92' lang='lat' dir='ltr'>ln</span> <span class='ocrx_word' id='word_1_278' title='bbox 229 2435 279 2479; x_wconf 87' lang='lat' dir='ltr'>Syria</span> <span class='ocrx_word' id='word_1_279' title='bbox 291 2434 381 2479; x_wconf 77' lang='lat' dir='ltr'>Evangelii</span> <span class='ocrx_word' id='word_1_280' title='bbox 392 2445 425 2469; x_wconf 85' lang='lat' dir='ltr'>vor</span> <span class='ocrx_word' id='word_1_281' title='bbox 437 2425 458 2468; x_wconf 76' lang='lat' dir='ltr'>ael</span> <span class='ocrx_word' id='word_1_282' title='bbox 471 2436 544 2469; x_wconf 84' lang='lat' dir='ltr'>omnnium</span> <span class='ocrx_word' id='word_1_283' title='bbox 555 2444 606 2469; x_wconf 86' lang='lat' dir='ltr'>aures</span> <span class='ocrx_word' id='word_1_284' title='bbox 615 2436 698 2479; x_wconf 86' lang='lat' dir='ltr'>peruenit.</span> <span class='ocrx_word' id='word_1_285' title='bbox 720 2435 798 2472; x_wconf 86' lang='lat' dir='ltr'>Damasci</span> <span class='ocrx_word' id='word_1_286' title='bbox 806 2438 849 2475; x_wconf 81' lang='lat' dir='ltr'>Aue-</span> 
     </span>
     <span class='ocr_line' id='line_1_35' title="bbox 101 2484 849 2539; baseline 0.012 -19"><span class='ocrx_word' id='word_1_287' title='bbox 101 2489 130 2521; x_wconf 85' lang='lat' dir='ltr'>1ae</span> <span class='ocrx_word' id='word_1_288' title='bbox 140 2484 237 2523; x_wconf 84' lang='lat' dir='ltr'>Ethnareha</span> <span class='ocrx_word' id='word_1_289' title='bbox 251 2500 261 2524; x_wconf 90' lang='lat' dir='ltr'>a</span> <span class='ocrx_word' id='word_1_290' title='bbox 272 2489 339 2524; x_wconf 84' lang='lat' dir='ltr'>ludaeis</span> <span class='ocrx_word' id='word_1_291' title='bbox 356 2491 437 2525; x_wconf 82' lang='lat' dir='ltr'>excitatus</span> <span class='ocrx_word' id='word_1_292' title='bbox 450 2489 520 2524; x_wconf 83' lang='lat' dir='ltr'>Paulam</span> <span class='ocrx_word' id='word_1_293' title='bbox 536 2498 597 2533; x_wconf 86' lang='lat' dir='ltr'>capere</span> <span class='ocrx_word' id='word_1_294' title='bbox 609 2490 672 2532; x_wconf 81' lang='lat' dir='ltr'>&#39;uolinii;</span> <span class='ocrx_word' id='word_1_295' title='bbox 691 2489 767 2527; x_wconf 78' lang='lat' dir='ltr'>llerorles</span> <span class='ocrx_word' id='word_1_296' title='bbox 777 2493 849 2539; x_wconf 85' lang='lat' dir='ltr'>Aniipas</span> 
     </span>
     <span class='ocr_line' id='line_1_36' title="bbox 101 2539 849 2590; baseline 0.012 -15"><span class='ocrx_word' id='word_1_297' title='bbox 101 2541 181 2576; x_wconf 83' lang='lat' dir='ltr'>Iacobum</span> <span class='ocrx_word' id='word_1_298' title='bbox 195 2543 296 2584; x_wconf 78' lang='lat' dir='ltr'>tnncirlavit3</span> <span class='ocrx_word' id='word_1_299' title='bbox 315 2544 367 2590; x_wconf 73' lang='lat' dir='ltr'>Cypri</span> <span class='ocrx_word' id='word_1_300' title='bbox 381 2543 477 2579; x_wconf 85' lang='lat' dir='ltr'>Proconsul</span> <span class='ocrx_word' id='word_1_301' title='bbox 493 2543 564 2588; x_wconf 77' lang='lat' dir='ltr'>Sergius</span> <span class='ocrx_word' id='word_1_302' title='bbox 580 2542 650 2579; x_wconf 88' lang='lat' dir='ltr'>Paulum</span> <span class='ocrx_word' id='word_1_303' title='bbox 662 2545 736 2588; x_wconf 81' lang='lat' dir='ltr'>audiuit,</span> <span class='ocrx_word' id='word_1_304' title='bbox 753 2539 849 2585; x_wconf 79' lang='lat' dir='ltr'>Caesareae</span> 
     </span>
     <span class='ocr_line' id='line_1_37' title="bbox 101 2594 675 2646; baseline 0.009 -16"><span class='ocrx_word' id='word_1_305' title='bbox 101 2594 171 2631; x_wconf 84' lang='lat' dir='ltr'>Paulus</span> <span class='ocrx_word' id='word_1_306' title='bbox 178 2606 235 2632; x_wconf 89' lang='lat' dir='ltr'>coram</span> <span class='ocrx_word' id='word_1_307' title='bbox 245 2596 311 2639; x_wconf 78' lang='lat' dir='ltr'>Felice,</span> <span class='ocrx_word' id='word_1_308' title='bbox 326 2598 377 2635; x_wconf 85' lang='lat' dir='ltr'>Festo</span> <span class='ocrx_word' id='word_1_309' title='bbox 386 2603 407 2634; x_wconf 85' lang='lat' dir='ltr'>-at</span> <span class='ocrx_word' id='word_1_310' title='bbox 417 2600 495 2646; x_wconf 75' lang='lat' dir='ltr'>Agrippa</span> <span class='ocrx_word' id='word_1_311' title='bbox 505 2602 599 2634; x_wconf 85' lang='lat' dir='ltr'>orationem</span> <span class='ocrx_word' id='word_1_312' title='bbox 609 2599 675 2635; x_wconf 81' lang='lat' dir='ltr'>habuit.</span> 
     </span>
    </p>
   </div>
   <div class='ocr_carea' id='block_1_6' title="bbox 99 2659 849 2817">
    <p class='ocr_par' dir='ltr' id='par_1_7' title="bbox 99 2659 849 2817">
     <span class='ocr_line' id='line_1_38' title="bbox 132 2659 848 2708; baseline 0.006 -12"><span class='ocrx_word' id='word_1_313' title='bbox 132 2677 134 2680; x_wconf 51' lang='lat'><strong>⁴</strong></span> <span class='ocrx_word' id='word_1_314' title='bbox 166 2659 193 2705; x_wconf 77' lang='lat'>2)</span> <span class='ocrx_word' id='word_1_315' title='bbox 204 2661 264 2696; x_wconf 84' lang='lat' dir='ltr'>Dicunt</span> <span class='ocrx_word' id='word_1_316' title='bbox 279 2662 345 2706; x_wconf 83' lang='lat' dir='ltr'>quidem</span> <span class='ocrx_word' id='word_1_317' title='bbox 362 2664 448 2705; x_wconf 78' lang='lat' dir='ltr'>nonnulli,</span> <span class='ocrx_word' id='word_1_318' title='bbox 468 2663 535 2698; x_wconf 84' lang='lat' dir='ltr'>Petrum</span> <span class='ocrx_word' id='word_1_319' title='bbox 548 2663 651 2708; x_wconf 83' lang='lat' dir='ltr'>Babylonem</span> <span class='ocrx_word' id='word_1_320' title='bbox 667 2665 744 2704; x_wconf 83' lang='lat' dir='ltr'>uenisse,</span> <span class='ocrx_word' id='word_1_321' title='bbox 762 2665 793 2699; x_wconf 88' lang='lat' dir='ltr'>sed</span> <span class='ocrx_word' id='word_1_322' title='bbox 810 2666 848 2700; x_wconf 86' lang='lat' dir='ltr'>leco</span> 
     </span>
     <span class='ocr_line' id='line_1_39' title="bbox 99 2712 849 2764; baseline 0.011 -16"><span class='ocrx_word' id='word_1_323' title='bbox 99 2716 130 2750; x_wconf 94' lang='lat' dir='ltr'>illo</span> <span class='ocrx_word' id='word_1_324' title='bbox 141 2714 154 2752; x_wconf 91' lang='lat' dir='ltr'>I.</span> <span class='ocrx_word' id='word_1_325' title='bbox 167 2714 213 2750; x_wconf 84' lang='lat' dir='ltr'>Petu.</span> <span class='ocrx_word' id='word_1_326' title='bbox 225 2715 245 2751; x_wconf 78' lang='lat' dir='ltr'>V,</span> <span class='ocrx_word' id='word_1_327' title='bbox 257 2726 288 2760; x_wconf 84' lang='lat' dir='ltr'>pro</span> <span class='ocrx_word' id='word_1_328' title='bbox 300 2719 397 2752; x_wconf 81' lang='lat' dir='ltr'>testinnonio</span> <span class='ocrx_word' id='word_1_329' title='bbox 410 2718 473 2761; x_wconf 51' lang='lat' dir='ltr'>abusis</span> <span class='ocrx_word' id='word_1_330' title='bbox 486 2729 535 2764; x_wconf 86' lang='lat' dir='ltr'>quem</span> <span class='ocrx_word' id='word_1_331' title='bbox 547 2717 628 2764; x_wconf 86' lang='lat' dir='ltr'>Syrorum</span> <span class='ocrx_word' id='word_1_332' title='bbox 641 2719 672 2753; x_wconf 89' lang='lat' dir='ltr'>alii</span> <span class='ocrx_word' id='word_1_333' title='bbox 683 2721 702 2751; x_wconf 83' lang='lat' dir='ltr'>ui</span> <span class='ocrx_word' id='word_1_334' title='bbox 710 2712 849 2756; x_wconf 80' lang='lat' dir='ltr'>Bar-Hebraeus</span> 
     </span>
     <span class='ocr_line' id='line_1_40' title="bbox 100 2769 837 2817; baseline 0 -12"><span class='ocrx_word' id='word_1_335' title='bbox 100 2771 151 2806; x_wconf 82' lang='lat' dir='ltr'>aliter</span> <span class='ocrx_word' id='word_1_336' title='bbox 162 2771 253 2817; x_wconf 82' lang='lat' dir='ltr'>explicant.</span> <span class='ocrx_word' id='word_1_337' title='bbox 835 2769 837 2777; x_wconf 63' lang='lat'>‘</span> 
     </span>
    </p>
   </div>
   <div class='ocr_carea' id='block_1_7' title="bbox 0 0 908 3062">
    <p class='ocr_par' dir='ltr' id='par_1_8' title="bbox 0 0 908 3062">
     <span class='ocr_line' id='line_1_41' title="bbox 0 0 908 3062; baseline 0 0"><span class='ocrx_word' id='word_1_338' title='bbox 0 0 908 3062; x_wconf 95' lang='lat' dir='ltr'> </span> 
     </span>
    </p>
   </div>
  </div>
 </body>
</html>
