1786 3062
90 188 130 233 loo

94 305 173 346 vatione
197 303 252 344 uocis
269 306 303 345 aut
321 304 459 354 declinatione7
482 303 525 354 ipsa
545 303 655 342 accentuum
678 302 742 353 figura
759 297 841 338 indicata
888 345 891 357 ¹

71 377 72 380 ’
94 372 184 425 ridetur,
207 372 235 411 na
254 372 275 411 dt
293 373 365 430 pernota
385 371 496 410 accentuum
518 365 701 421 scalam'quandam
718 368 800 407 forruent
822 366 852 404 ec
889 390 893 429 3

96 448 225 523 comparanda
248 469 287 510 sint
309 483 350 510 cum
372 470 406 508 uo
407 482 423 508 rs
441 469 518 509 musicis
535 439 741 558 {KP-35&
764 464 794 504 Na
784 464 842 503 amin

96 568 211 607 recitatione
226 569 333 608 sentcntiae
348 566 443 617 longioris
458 568 554 617 ptucurrit
567 566 696 620 pronuntiatio
712 550 796 605 bonnet
810 564 842 602 iu-

96 635 158 675 cunda
176 635 255 687 primurn
274 647 310 686 per
329 646 388 673 sonos
408 632 465 684 porrlo
485 633 565 673 altiores
585 633 620 673 sed
639 631 751 686 aequabiles
767 629 842 684 [Sclrc—
892 623 893 627 ¹

95 699 165 753 valo),
189 699 290 739 descendit
308 701 376 739 deinde
395 697 523 752 (Taclrtoio),
541 702 629 750 assurgit
645 701 725 751 iterum,
742 698 803 738 donec
818 697 842 737 ad

95 777 162 806 sunum
177 765 336 806 fundamentalem
351 768 370 805 iu
382 766 541 805 rmeseuremrae
555 766 642 807 recedat.
766 762 768 765 ’

161 853 216 893 Haec
233 847 354 893 recitationis
372 855 392 891 'et
413 845 519 890 cantilenae
537 848 634 892 cuiusdam
651 849 702 892 ratio
717 850 799 890 maxime
810 849 844 889 lo-

96 929 138 958 cum
159 916 225 958 babuit
244 920 263 959 in
277 919 361 960 lectione
376 917 491 969 bibliorum,
510 919 531 956 ut
546 919 620 958 omnino
634 919 732 971 punctatio
746 920 767 958 ct
780 928 844 958 roca-

97 984 141 1025 lium
160 988 180 1026 et
197 987 307 1026 accentuum
328 985 457 1025 exercebatur
474 986 493 1022 in
505 986 611 1037 Scripturis
631 988 651 1025 et
665 986 736 1025 ciliciis
748 985 844 1024 ccclesia-

97 1051 159 1091 sticis.
171 1058 174 1064 ’
187 1052 209 1093 ln
223 1051 339 1102 Euangeliis
360 1056 422 1091 arrium
440 1053 547 1092 sententiae
563 1053 674 1105 plerumque
689 1056 733 1091 sunt
746 1051 845 1091 laevissi-

95 1112 141 1158 ¹nure
160 1120 180 1160 ct
193 1117 281 1171 rlryllnno
299 1119 352 1160 lucili
364 1117 481 1172 numeroque
495 1134 532 1160 non
547 1123 575 1161 ita
589 1121 697 1172 ponderoso
712 1120 845 1170 absolvuntur,

99 1196 159 1235 (rorare
176 1189 247 1238 puncta
265 1199 324 1237 supra
344 1186 395 1225 dicta
405 1185 446 1224 ‘vix
459 1186 544 1225 adhiberi
559 1188 655 1238 poterant.
683 1186 724 1226 Sed
739 1185 845 1224 erant-alia

98 1253 170 1301 puncta
189 1252 265 1308 minoris
284 1252 376 1304 ponderis
395 1254 415 1290 ct
433 1252 525 1303 ambitus,
549 1256 638 1304 punctum
658 1246 747 1303 superins
760 1253 780 1290 et
794 1251 846 1289 inle-r

98 1317 150 1368 rius,
167 1324 223 1369 quae
229 1330 266 1357 non
279 1319 392 1370 copulantur
406 1327 447 1356 curn
461 1321 531 1369 puncto
547 1319 628 1357 'media'
622 1331 641 1357 ru
656 1318 707 1357 linea
721 1318 795 1368 posit,o
766 1316 845 1355 tsed

100 1382 192 1420 uerbis'
186 1383 234 1435 apsis
255 1381 388 1423 adscribuntur
406 1381 480 1422 irunc
475 1395 493 1423 1n
507 1384 601 1424 modum
596 1398 629 1412 ω*
645 1407 672 1412 -
686 1400 725 1422 —a
753 1383 845 1422 Punctum

99 1460 188 1511 superius
212 1467 280 1513 nornen
298 1458 357 1500 babet
374 1440 429 1507 lxo]
447 1457 569 1514 [corrunotic]
588 1461 639 1514 apud
659 1461 684 1512 S)
683 1473 723 1499 ros
738 1452 846 1500 orientales

99 1532 165 1593 Ῑ-ΕΟΖΞ
179 1546 274 1601 (natatio,
291 1547 381 1601 nictatio]
399 1547 465 1601 (liar
453 1548 532 1587 ·.llebr
553 1549 577 1589 N.
595 1548 640 1601 30]
659 1550 749 1601 prunetum
768 1547 847 1585 interius

100 1625 261 1690 dicituciolss'm
281 1631 407 1688 (inclinatio).
433 1632 484 1680 lllud
502 1635 521 1674 iu
540 1637 658 1676 intonationc
677 1629 744 1674 rualene
761 1645 796 1684 pro
816 1632 847 1672 di-

97 1699 163 1740 ‘rnidio'
176 1702 232 1740 Eloio
252 1704 317 1740 naronet
329 1700 503 1751 nar-nemaeus,
523 1692 559 1742 hoc
575 1714 620 1741 esse
635 1702 728 1740 dinridiunr
745 1699 847 1739 'ruentum

101 1766 151 1821 llbrd
167 1767 229 1817 igitur
246 1766 295 1807 baec
312 1768 370 1817 signa
389 1766 503 1816 nutrierunt,
528 1770 549 1806 ut
568 1768 591 1807 ab
610 1768 663 1805 initio
683 1767 790 1805 sententiae
806 1779 849 1805 vox

102 1828 245 1872 eorunuueaim
258 1834 279 1872 ct
293 1834 348 1886 quusi
362 1831 462 1882 solvatur,
483 1832 506 1872 ad
523 1828 659 1874 allevationem
673 1830 691 1871 in
705 1832 763 1870 altum
778 1834 798 1871 et
812 1844 848 1870 su-

101 1905 193 1949 spensum
211 1905 232 1937 se
252 1899 355 1949 accingat,
374 1893 441 1938 deiude
461 1910 509 1938 reru
530 1902 575 1940 ante
590 1900 645 1952 linem
659 1899 767 1938 inclinetur.
795 1898 849 1938 Haec

101 1957 160 2013 signa
174 1960 193 2004 ln
207 1965 342 2016 antiquissimis
357 1965 455 2004 codicibus
469 1960 511 2004 iero
524 1961 567 2006 sola
575 1966 725 2017 conspiciuntur.
754 1965 790 2005 [lbi
800 1973 848 2004 uero

101 2041 170 2080 textus
183 2043 202 2080 in
216 2030 311 2114 lQD
328 2041 429 2079 distinctus
443 2043 484 2092 est,
499 2044 596 2082 sententia
611 2043 671 2092 igitur
686 2041 704 2081 in
719 2040 788 2080 multas
802 2052 850 2092 pur-

98 2117 172 2173 ltioulas
186 2118 262 2168 decisa,
277 2127 326 2170 quae
339 2118 395 2169 ipsae
410 2121 486 2170 punctis
500 2119 603 2160 rorationibus
613 2116 765 2172 separabamur,
781 2130 850 2159 accenu

103 2184 164 2223 tuatio
187 2185 266 2224 invecta
291 2185 322 2222 est
339 2184 398 2223 multa
417 2186 537 2236 accuratior,
561 2188 583 2224 ut
603 2187 698 2237 reperitur
716 2186 735 2224 in
752 2185 859 2224 codicibus

102 2244 254 2296 recentioribus}
275 2241 354 2314 priunum
376 2250 424 2289 enirn
439 2252 583 2291 sontentiaect
598 2252 718 2292 elocutiones
731 2263 766 2302 pcr
780 2251 824 2290 drs
811 2253 851 2290 ru

104 2310 168 2355 ctiuos
187 2318 270 2367 maiores
288 2316 307 2355 in
327 2317 433 2368 particulas
452 2318 536 2359 minimas
557 2319 706 2369 distribuuntur,
724 2317 793 2356 deinde
808 2318 850 2357 sin·
886 2352 889 2354 ,

104 2382 193 2433 gulorunr
208 2383 311 2422 verborum
326 2384 411 2423 ratioet
424 2385 490 2424 vicissi
492 2386 538 2426 tudo
554 2388 630 2438 punctis
644 2388 679 2426 not
671 2387 723 2426 tetur
739 2384 763 2424 ad
776 2384 850 2424 recita-

88 2449 174 2490 ,tionem
197 2449 369 2501 occurratissimnm,
395 2451 511 2502 legitimam,
535 2453 585 2492 berre
608 2453 738 2504 corrrpositanr.
772 2451 809 2490 Ubi
832 2453 850 2491 in

103 2516 168 2568 aliquo
187 2513 249 2556 verbo
267 2511 382 2556 elevandum
402 2518 445 2556 erat
462 2526 513 2557 uoce
532 2519 566 2558 vel
584 2514 726 2568 declinandum,
747 2515 779 2557 ubi
799 2513 850 2557 inbi-

103 2583 185 2623 bendum
200 2581 232 2623 vei
247 2583 407 2638 acquiescendum,
425 2595 484 2636 porro
499 2586 560 2625 utrum
576 2584 716 2639 corripiendum
732 2581 758 2627 sit
770 2598 793 2626 an
802 2598 851 2638 pro-

103 2779 150 2813 uocis
161 2783 192 2813 mur
203 2781 270 2814 actione
282 2780 361 2823 corrueris
375 2784 474 2824 praesentes
486 2781 611 2825 significamus
624 2781 684 2816 alasent
678 2785 704 2815 tes
716 2783 749 2815 in
745 2783 787 2826 rosis
799 2781 851 2841 tcuto-

105 2840 141 2868 ιιιιιι
154 2835 208 2869 oculis
220 2838 290 2879 possunt
302 2835 395 2886 derigcrc“
714 2848 716 2850 ·
