1786 3062
45 194 50 204 k
75 147 134 191 >-arc
199 118 203 125 ¹

67 292 70 294 v
97 264 169 313 torem,
192 261 225 312 qui
243 260 271 301 ita
288 260 324 299 trac
342 259 366 300 de
384 258 500 301 rescribite
519 258 592 312 „Hace
607 257 667 309 igitur
681 256 777 309 Syriacae
882 297 890 318 ,Ξ

97 328 192 380 tricaeque
207 318 287 377 linguae
300 327 354 369 initia
368 324 457 382 tanquam
469 327 541 379 semina
554 328 573 366 in
582 324 655 366 Thesei
665 327 684 366 et
693 324 786 375 Aegidii,
801 322 845 363 eta-

99 395 216 435 rissimarum
230 392 324 434 hominnm
338 395 421 444 ingeniis
436 393 607 445 praestantissimis
621 391 664 431 oiim
678 391 752 430 inclusa
764 389 846 442 mihique

99 459 170 500 tradita
188 461 259 511 ingens
274 462 374 514 utriusque
392 460 484 500 sermonis
503 460 522 500 in
537 458 656 501 Christianos
675 456 752 498 seiroias
771 457 847 504 tandem

100 525 201 580 aliquando
219 527 337 578 producendi
358 527 471 566 desiderium
486 528 505 566 in
518 538 548 566 me
564 523 714 578 procrea-oona
743 523 771 562 iio
785 524 848 562 antem

101 593 146 644 ipso
168 594 255 644 tempore
279 595 348 633 missus
373 595 404 632 est
424 592 447 631 alr
462 591 542 643 ignatio
562 590 689 632 iacobitarum
710 584 848 643 patriarcha¹)
861 585 875 603 “’

102 657 171 699 Moses
194 656 293 699 sacerdos
308 670 334 698 ex
352 658 505 710 Mesopotamiae
528 659 576 698 urire
593 656 669 698 diardin
684 656 784 707 oriundus,
805 655 849 693 inde

103 723 239 767 Meredinaens
257 723 330 775 dictus,
353 724 386 776 qni
400 724 467 776 Papae
484 719 590 765 catholicae
604 723 648 764 fidei
662 723 802 763 contessionem
816 721 849 760 ia·
885 717 893 782 Ξ

104 791 158 830 ceret
177 789 270 843 simulque
289 791 365 831 Novum
386 783 530 831 Testamentum
545 791 647 843 Syriacum
662 784 716 842 typis
730 788 800 828 excudi
814 799 850 828 cn·

105 858 164 896 rarct.
192 856 272 897 Frustra
288 857 307 896 id
320 855 402 910 exsequi
415 858 495 897 conatus
507 857 581 898 Itomae
597 869 620 897 ac
632 855 733 909 Venetiis,
747 854 805 895 tiorte
819 855 851 893 in·

105 923 151 964 cidit
171 924 190 963 in
206 922 389 974 Widmanstadinm‚
413 924 444 975 qui
463 923 583 966 Perdinando
604 921 684 965 Caesari
699 921 809 973 persuasit,
830 921 852 960 at

108 989 132 1030 ad
150 987 242 1029 edendnm
255 988 384 1039 Evangelium
399 989 500 1039 Syriacum
511 992 608 1042 impensas
621 989 732 1043 praeberet.
760 981 794 1043 Ita
803 998 852 1038 pro·
889 1023 893 1044 a

107 1055 183 1095 dierunt
197 1053 284 1094 Viennae
299 1066 348 1094 anno
361 1053 420 1095 1561.
434 1054 544 1107 Evangelia
557 1057 647 1109 quattuor
662 1054 725 1106 „Diri
739 1051 853 1111 Fordinandi

106 1121 160 1159 iussn
178 1121 198 1160 et
216 1118 343 1171 liberalitate,
367 1119 510 1160 characteribus
529 1126 550 1164 et
568 1123 636 1172 lingna
649 1121 701 1172 Syra
714 1119 759 1159 Iesu
774 1118 852 1159 Christo

105 1186 220 1238 uernacula,
244 1185 309 1226 divino
327 1187 389 1238 ipsius
410 1198 443 1226 ore
461 1179 575 1229 consecrata
593 1190 614 1229 et
632 1185 741 1235 alchanne
755 1186 853 1236 arrange·

105 1253 151 1294 lista
165 1252 261 1293 Hebraico
276 1252 338 1304 dicta,
354 1254 456 1306 scriptorio
471 1253 527 1306 prelo
542 1255 647 1305 diligenter
662 1253 778 1310 expressa.“
796 1251 853 1291 ‘nlo-
892 1271 893 1299 3

107 1332 141 1360 ses
154 1318 296 1360 Mcrcdiuensis
312 1318 356 1371 ipse
374 1321 392 1362 iu
413 1319 501 1373 epistolis
515 1320 540 1361 ad
553 1320 635 1361 diasimn
650 1321 700 1361 datis
713 1319 854 1364 lacobitamse

107 1387 209 1440 profitetur
217 1382 249 1438 Ἲς
267 1385 287 1424 in
304 1396 359 1423 nsum
378 1385 504 1426 laeoiritarnm
522 1373 580 1427 editid
600 1388 669 1439 parata
690 1388 721 1425 est
734 1387 786 1425 etin
799 1386 854 1438 peri·

71 1458 73 1462 ⁴
107 1463 171 1506 copas
187 1449 291 1491 secundum
308 1451 363 1490 ritum
376 1449 432 1492 huins
447 1449 542 1494 ecciesiae
554 1454 656 1494 distributa
665 1448 692 1505 ³]-
720 1451 776 1492 Adeo
790 1451 854 1493 habe-

107 1523 138 1561 trrr
156 1520 205 1560 inter
224 1516 328 1569 pericopas
346 1517 403 1557 etiam
422 1518 499 1569 „tedio
516 1520 540 1559 de
560 1514 655 1570 genitrice
675 1517 732 1558 Dei“
751 1520 771 1559 et
784 1519 855 1559 inscri-

105 1588 159 1640 ptum
177 1586 209 1626 est
225 1581 355 1632 Evangelinm
374 1583 442 1633 ,‚liner
459 1583 484 1622 N.
501 1585 526 1624 Τ.
540 1586 616 1625 Domini
630 1585 691 1624 nostri
709 1587 729 1626 et
743 1584 781 1625 Dei
794 1584 856 1625 nostri

106 1652 152 1700 Iesu
171 1647 267 1692 Glrristi.“
298 1646 344 1688 inde
364 1650 427 1687 auton
445 1649 520 1689 veritos
538 1651 714 1705 wicmanstadius,
735 1662 759 1690 ne
774 1653 856 1704 propter

107 1717 164 1758 iocos
182 1725 196 1756 a·
208 1713 297 1765 Vulgata
315 1712 448 1765 discrepantes
466 1716 526 1769 totum
543 1730 590 1768 opus
604 1729 640 1769 per
654 1718 765 1758 oaiumniarn
781 1717 856 1770 deprc-

107 1782 234 1833 neruoram,
257 1781 276 1820 in
294 1780 332 1820 sure
352 1780 416 1831 operis
435 1780 485 1820 inter
504 1772 572 1824 menda
587 1784 731 1837 typographica
747 1783 804 1840 etiam
818 1783 856 1823 ad-

108 1847 170 1888 denda
181 1846 214 1888 vel
230 1846 347 1899 corrigenda
360 1848 440 1913 putarit
454 1860 489 1901 ea,
509 1862 558 1903 quae
573 1851 592 1890 in
606 1852 662 1891 textu
676 1849 760 1903 Syriaco
775 1850 856 1890 desida-

109 1965 240 1977 W

176 2049 195 2094 1)
206 2048 307 2085 narnamna
317 2049 443 2096 Antiochenns,
460 2054 491 2088 scd
505 2054 563 2100 quiin
575 2053 617 2089 urhe
629 2052 699 2089 Mardin
711 2034 768 2090 sedit

174 2123 195 2167 2)
209 2122 287 2160 Andreas
302 2123 379 2168 Masius,
398 2125 449 2162 Ducis
466 2128 537 2170 (itiriaei
556 2129 666 2164 consiliarius
682 2139 693 2163 a
708 2128 758 2164 Mose
774 2128 858 2163 ‹liriicorat

110 2178 185 2222 lingnam
196 2178 294 2225 Syriacam,
306 2183 354 2216 cuins
367 2182 431 2224 primus
443 2185 488 2217 inter
498 2186 567 2217 nostros
578 2185 706 2226 grammaticam
717 2185 791 2228 scripsit.
811 2181 857 2218 idem

110 2232 226 2268 confessiones
242 2231 298 2268 nasis
314 2238 331 2269 et
346 2234 421 2271 aoranae
433 2235 575 2273 Nestorianorrnn
587 2238 696 2283 patriarchae
708 2239 767 2277 edidit.
788 2237 857 2283 Episto-

109 2285 136 2320 las
147 2285 200 2321 Masii
213 2290 229 2321 et
241 2287 297 2323 Masis
308 2289 362 2325 edidit
375 2290 427 2333 Andr.
439 2290 512 2336 niatier,
528 2293 618 2339 Syrnlrolae
630 2294 722 2340 Syriacae,
738 2294 796 2329 aaron
808 2298 857 2331 1793.

109 2340 188 2386 nogara
205 2340 265 2378 narses
280 2343 363 2388 Masium,
382 2350 402 2380 ut
421 2349 476 2393 ipsum
495 2347 509 2383 Ι.
526 2348 539 2384 Ι,
554 2348 634 2394 angero
656 2350 790 2391 commendaret,
810 2350 858 2383 cuius

109 2399 165 2431 sumtu
181 2397 279 2431 rarissimos
291 2397 372 2442 Syrorum
384 2401 438 2444 libros
450 2402 535 2437 advehere
546 2405 592 2438 vetit
614 2402 657 2437 Erat
667 2402 726 2439 moses
738 2405 764 2438 rir
775 2414 811 2439 non
822 2413 857 2439 rna-

109 2453 164 2486 nimae
176 2451 289 2493 errrditioms,
304 2454 357 2487 aninri
368 2456 490 2498 inconstantis,
506 2459 564 2500 arari,
582 2458 643 2502 crrpidi.

175 2515 195 2559 3)
210 2513 319 2559 Exenrpiaria
334 2516 379 2552 mille
396 2527 458 2553 excursa
473 2523 520 2562 sunt,
537 2531 607 2567 qnormn
619 2521 691 2556 ducenta
701 2523 769 2569 otmprc
780 2521 857 2557 Petrian-

111 2567 153 2603 ehae
167 2569 291 2614 (lacobitarnm
307 2568 324 2606 et
338 2570 473 2618 Maronitarum)
490 2574 534 2611 dano
550 2579 602 2624 missa
614 2575 658 2613 sanc
680 2578 772 2614 Lectiones
786 2579 858 2613 domini-v

111 2632 168 2658 earnm
189 2628 205 2659 ot
226 2623 307 2660 festarum
321 2637 356 2661 nno
372 2633 464 2673 conspectu
482 2632 553 2674 praehet
569 2632 650 2668 editionis
665 2634 750 2678 appendix
767 2636 784 2666 et
800 2629 858 2669 breuis

111 2677 242 2715 Widrna‘nstadii
252 2682 334 2716 tractatus
346 2683 364 2717 in
376 2682 478 2730 Polpglottm
487 2685 567 2732 rintrcrp
578 2687 627 2722 Tom.
640 2688 669 2723 vl.
682 2687 742 2723 editus.
755 2705 777 2713 -
798 2686 858 2724 Exem-

109 2734 167 2824 plaria
185 2733 236 2770 tnrins
254 2733 333 2771 editionis
350 2747 390 2772 rara
404 2738 493 2779 trahentur.
520 2740 581 2788 arpen
593 2752 630 2778 cam
642 2744 659 2777 in
670 2741 749 2780 biblioth.
761 2741 831 2779 Halensi
842 2748 859 2780 et

126 2799 203 2827 onnensr.
