1786 3062
756 147 795 190 113

44 256 85 308 est,
104 253 161 308 *qnod
183 267 242 309 supra
262 255 356 310 diximus,
384 259 449 301 varios
466 258 566 312 Abgaros'
583 258 694 302 confundisse
716 258 794 308 M0Sffll·
815 298 817 302 f

2 312 9 345 12
45 322 109 376 Quare
126 322 199 361 rectius
217 324 253 362 ianr
268 323 295 362 ita
309 324 429 366 statuendum
444 327 528 367 videtur.
555 323 576 365 A
589 324 696 377 Valarsaee
711 319 797 367 Arsaci-

43 388 133 426 darum*
127 390 227 440 mrperium
246 390 346 430 exordium
353 394 417 446 cepit
432 392 451 432 in
466 391 566 432 Armenia.
593 391 625 431 [ix
640 380 697 433 mere.
710 393 796 435 Arsaci-

0 461 5 503 ’ς
43 455 106 493 darom
122 456 176 508 erat,
190 458 285 507 satrapias
300 454 389 498 condere.
417 459 537 510 Praecipuae
548 458 606 496 erant
619 456 731 511 Edessena,
745 471 796 513 quae
821 458 823 464 ’

2 513 5 577 ζ
43 520 100 561 Osrei
120 522 179 562 nobili
192 521 264 563 Partho
284 512 443 565 denrandatat
413 527 453 576 est,
476 522 619 564 etAdiabene.
648 521 746 573 Tigranes
759 539 796 567 re-

43 599 101 636 gnum
111 588 235 640 amplificavit
244 591 323 642 eiusque
333 590 400 630 tlnono
411 588 532 631 adsteterunt
540 600 602 639 reges
610 587 735 642 Adiabenae,
749 591 797 631 Me-

41 653 124 693 diaeet
116 653 282 708 tG0rdyaenae3
302 655 397 695 bidesseni
414 656 448 695 nel
466 655 543 696 Parthis
557 654 601 694 vel
605 653 702 694 Armeniis
717 657 797 697 obnoxii
847 683 850 691 f

42 720 103 758 erant.
123 720 196 761 Tiberii
204 722 321 774 temporibus
331 722 470 761 Adiabenae
452 723 556 782 irriperavit
565 720 686 761 Monobazus
696 734 723 762 ex
730 721 797 763 Arsa·

43 786 201 836 eidarunrgenbe
215 775 797 839 EiusiiliusIzatesGordyaenemsinruletMesopetamiam
830 837 833 842 ἱ
872 820 874 823 -

69 850 137 890 ssedit
158 851 217 890 luatis
226 852 287 890 irater
296 851 417 907 Monobazus
428 853 506 892 secutus
515 853 547 891 est
556 853 575 890 in
583 850 696 898 Adiabene;
711 853 798 893 eiusdem

64 916 181 965 iis'regnnm
191 917 311 955 nuessenun
323 918 394 968 postea
408 928 425 956 a·
434 915 516 965 regibus
525 913 640 955 Parthorum
648 910 682 956 uel
694 915 798 957 Armenic-

66 995 83 1020 m
93 983 126 1021 aut
136 980 246 1020 aRomanis
257 992 375 1021 eoncessum.
389 981 462 1022 lactem
469 982 523 1021 reete
533 979 647 1020 einnonem
655 983 680 1022 et¹
685 982 733 1034 Syri
743 996 798 1024 sunm

68 1048 125 1104 bent,
145 1049 198 1087 errius
215 1048 290 1100 posteri
310 1060 365 1100 quum
379 1041 473 1088 Edessam
481 1044 618 1099 possederint
632 1059 739 1102 nomenque
752 1050 799 1091 Ab-
826 1043 828 1048 ⁵

60 1115 87 1154 ari
105 1113 183 1155 tulerint
202 1116 243 1154 eius
260 1114 347 1164 regionis
360 1114 436 1166 regulis
449 1113 528 1154 solenne
541 1113 562 1153 et
574 1112 633 1154 facile
647 1116 799 1159 confundendum

67 1195 84 1221 nr
98 1169 212 1231 cogitamine
227 1181 285 1228 luatis
299 1180 404 1233 Abagare,
423 1181 458 1221 vin
477 1181 542 1219 nnirum
556 1183 597 1232 est,
620 1182 671 1234 quod
689 1184 797 1235 scriptores
852 1173 854 1176 ¹

70 1247 162 1286 sterteres
177 1249 243 1287 varias
257 1259 352 1299 personas
367 1259 405 1287 non
417 1248 466 1288 satis
478 1244 601 1287 distinxerint
615 1248 635 1286 et
646 1246 718 1288 Iaatem
728 1260 797 1302 regem

64 1313 162 1353 diabennm
177 1315 197 1353 et
209 1313 387 1365 Mesopotamenum
400 1313 501 1354 habuerint
514 1312 593 1353 eundem
609 1312 735 1355 Osrhoennn.

357 1410 483 1418 ,-,,....-.-.-

110 1509 152 1550 Hac
166 1500 319 1561 Mesopotamiae
333 1500 413 1548 historia
426 1507 477 1546 lrand
492 1508 534 1546 sine
547 1507 615 1547 labere
626 1507 670 1550 hine
682 1510 734 1552 illinc
748 1524 797 1553 een-

93 1588 104 1615 a
118 1577 134 1615 si
150 1577 180 1615 oui
194 1578 249 1616 visus
264 1578 299 1615 sim
315 1577 389 1615 remota
404 1575 467 1624 magis
483 1575 502 1613 et
515 1574 578 1614 aliena
594 1569 691 1630 tractare,
710 1578 746 1618 iam
762 1592 799 1620 ae-

63 1655 95 1694 pe·
106 1643 219 1681 sententiam
238 1654 308 1693 aream,
332 1646 374 1680 eam
393 1652 464 1679 nevam
484 1640 560 1692 quidem
576 1642 611 1680 sed
626 1653 652 1679 ex
667 1644 799 1687 antecedenti-

71 1720 80 1745 s
98 1708 147 1747 satis
167 1708 224 1747 firmis
242 1709 264 1748 ut
278 1699 346 1759 opiner
360 1706 478 1756 annuntiantis
493 1705 589 1748 munitam.
619 1705 711 1761 Constat,
726 1710 799 1752 laatenr

67 1785 112 1822 gem
131 1773 257 1823 Adiabenae,
282 1774 335 1826 qui
336 1772 412 1812 circiter
427 1773 515 1823 annisp
530 1771 576 1813 Cirr.
590 1770 647 1812 40—
656 1772 684 1813 60
697 1778 799 1829 regnavi,

44 1838 160 1878 Iudaeumf
151 1840 219 1878 fuisse.
247 1837 268 1876 In
282 1837 425 1877 Adiabenorum
441 1838 524 1888 regione
539 1849 574 1879 ex
581 1839 665 1891 antiquis
679 1841 800 1893 temporibus

1 1887 14 1961 Ξ
45 1903 242 1956 piririmilndaeorum
255 1903 308 1944 babit
310 1904 380 1950 abant;
360 1902 478 1943 teadem'
472 1916 491 1943 nr
505 1904 587 1954 regione
602 1906 679 1947 constat
692 1908 763 1969 primas
778 1912 799 1952 et

1 1969 16 2014 a?
46 1971 137 2021 plurimas
151 1972 213 2011 titisse
227 1970 321 2009 ecelesias
337 1968 495 2009 Christianorum
807 1974 808 1977 ’

110 2036 220 2079 ludaeos
243 2050 300 2090 quam
322 2035 438 2088 plurimes'
433 2047 452 2075 m
469 2034 570 2076 Adiabene
589 2036 689 2076 habitasse
708 2037 799 2079 diximus.

46 2103 120 2144 Etenim
135 2105 201 2145 decem
216 2103 292 2146 Israeiit
293 2115 345 2142 arum
358 2101 418 2141 tribus
433 2114 444 2141 a
456 2101 537 2151 regibus
547 2101 652 2153 Assyriis¹
647 2115 666 2141 ιιι
675 2103 753 2143 exilium
762 2105 800 2146 ab-

66 2172 126 2222 rotae,
143 2172 201 2210 sedes
215 2167 438 2227 incircumsciptum
451 2166 476 2207 tl.
489 2166 624 2220 RegsXVlI,
635 2167 656 2208 m
665 2176 737 2211 aramue
747 2169 801 2214 tabe:

70 2244 83 2275 n
101 2247 143 2276 *aba
162 2246 196 2294 ama
214 2242 260 2276 nnn.
288 2235 366 2274 Minime
385 2232 475 2285 equidem·
485 2233 508 2271 iis
523 2235 652 2286 accesserim,
672 2236 705 2286 qui
720 2236 801 2275 eandem

61 2313 95 2342 ane
115 2314 160 2342 esse
179 2301 280 2352 regionem
299 2301 368 2354 putant
385 2311 427 2340 cunr
444 2300 507 2340 tractu
526 2299 580 2340 fluvii
601 2309 651 2360 Ἓξ,
675 2312 712 2354 quo
730 2300 801 2340 Nehu-
825 2302 827 2305 ’

71 2357 141 2409 dneuar
160 2369 243 2418 Iudaees
261 2355 359 2417 deduxit,
380 2366 430 2404 inter
449 2376 498 2418 quies
515 2365 605 2406 binechiel
625 2366 742 2406 vaticinatus
763 2368 801 2407 est.

63 2423 127 2474 lunius
145 2444 186 2475 nn:
201 2431 326 2486 proculdubie
341 2432 441 2484 Χαβώρας
457 2432 500 2482 est,
519 2432 551 2482 qui
565 2433 585 2471 in
599 2431 717 2484 Euphratem
730 2432 802 2472 immit-

64 2501 71 2540 t
88 2498 124 2554 (oi.
143 2501 211 2555 Winer
231 2499 256 2538 R.
276 2498 310 2537 W.
328 2504 345 2538 s.
364 2496 404 2551 v.].
432 2494 472 2535 Ast
488 2495 533 2535 ilias
548 2499 607 2537 sedes
621 2497 741 2552 quaerendas
756 2509 801 2537 esse

62 2567 95 2606 uto
116 2568 135 2606 in
152 2566 238 2618 Assyria
256 2566 277 2604 et
292 2563 394 2608 uicinitate
411 2561 500 2614 Mediae,
521 2561 567 2604 lieet
580 2560 647 2603 sumini
660 2565 682 2605 et
696 2564 803 2604 doctissimi

629 2824 643 2864 8
