1786 3062
717 181 719 185 f
763 116 802 176 ι-ἰι

51 248 129 289 videtur
138 245 167 302 ¹),
186 247 222 288 sed
237 250 273 287 tam
286 249 345 297 graui
359 251 379 288 ct
393 248 470 289 assidua
483 249 575 289 bellorum
589 249 709 302 satorumque
724 249 801 290 nriseria

51 315 159 356 conllietata
177 316 197 355 et
216 316 295 355 vastata
308 317 353 366 cst,
377 317 478 356 ut'tribus
496 316 579 355 sacculis
597 318 644 368 post
658 318 694 356 rix
707 317 801 369 reliquiae

51 383 168 433 superstites
187 381 258 419 luerint
271 383 345 433 pristini
363 383 442 423 valoris.
469 383 571 421 Persarum
585 383 663 434 irnperio
678 395 689 422 a
705 382 800 424 Sassaui-

52 448 81 486 dis
100 449 209 487 restaurato
229 447 399 502 blesopotanria2]
419 449 492 488 crebris
513 448 651 486 incursionibus
670 445 745 489 vexata
763 453 800 489 est.

23 505 25 511 ⁰
51 513 117 565 Sapor·
133 505 149 552 ι.
169 513 276 552 Armeniam
296 517 409 567 coarmavit,
430 514 551 553 Valerianum
569 514 604 552 snb
621 505 707 552 lldessae
725 517 801 554 irrueni-

51 569 88 618 bus
106 578 201 631 captiuum
218 581 265 620 seeit
283 583 381 634 totamque
401 581 478 631 Syriam
498 580 592 618 vastavit.
618 578 710 629 Arnrenia
726 582 801 632 quidem
837 574 841 577 ”

52 646 87 684 sub
102 645 190 687 Tiridate
205 647 352 693 Persisiterum
368 650 435 700 erepta
450 649 492 697 est,
509 647 544 697 sed
559 646 583 684 de
596 646 738 702 Mesopotamia
753 660 802 687 eou-

52 715 104 753 tinno
118 715 168 754 iuter
182 715 253 754 Persas
268 717 288 754 et
301 715 397 755 Ronrauos
412 715 530 765 dimicatum,
553 713 613 753 riorrec
628 725 640 753 a
654 712 733 754 Galerio
748 715 801 756 uicto

53 781 136 822 Narsete
154 783 227 835 imperii
245 782 300 820 limes
315 795 374 834 super
387 784 447 833 ripam
464 781 552 831 Tigridis
565 782 668 821 restitutus
683 784 719 821 est.
748 783 801 823 sae·-

54 849 97 889 enlo
118 849 185 900 quarto
204 848 287 887 lulianus
307 847 382 899 quidem
400 850 468 887 tenuit
482 848 564 897 Persas,
584 848 620 886 sed
633 848 724 886 Iovianus
738 849 802 888 aldia-

24 921 25 926 ’
52 915 120 953 benem
133 924 236 966 omuesque
251 913 362 965 provincias
377 912 490 963 Tigritanas
505 913 571 951 Persis
585 913 692 964 concessu,
712 913 774 954 Nisibi
784 914 803 969 ³]

53 983 83 1021 ter
101 982 173 1021 frustra
191 993 202 1019 a
217 980 293 1032 Sapore
313 980 395 1019 obsessa
408 979 489 1031 aliisque
504 977 592 1029 oppidis,
611 990 659 1031 qnae
674 980 754 1020 maxima
769 983 803 1021 vi-

53 1049 100 1086 rium
110 1048 233 1087 contentione
240 1038 306 1089 Persis
314 1047 439 1095 resttterant,
452 1044 593 1083 detestantibus
601 1044 734 1095 imperatorem
746 1047 804 1088 Chri-

41 1114 146 1166 fstianurn,
171 1113 203 1166 qui
223 1103 343 1152 Cirristianos
356 1111 458 1151 Persarum
479 1109 575 1161 tyrannidi
594 1112 614 1149 et
631 1111 691 1151 furori
705 1123 812 1164 magorum

41 1173 179 1233 prodidisset.
211 1179 284 1233 Quodsi
305 1179 353 1218 enim
374 1179 452 1230 experti
471 1179 525 1216 crant
544 1180 601 1217 antea
619 1176 723 1218 Christiani
743 1181 804 1220 odium

55 1247 248 1299 persecutionemque
266 1245 322 1284 Decii
342 1247 362 1284 et
379 1245 506 1295 Diocletiani,
530 1244 566 1283 iam
581 1242 626 1283 nihil
640 1245 694 1297 passi
709 1246 804 1286 videban-
858 1293 861 1297 ι

56 1316 97 1364 tur,
122 1313 176 1352 rabie
190 1313 282 1364 Saporis
305 1312 330 1351 ll
343 1312 374 1351 ιι
393 1322 492 1360 arragonum
519 1312 585 1350 contra
614 1321 683 1351 nornen
707 1310 805 1353 Clnistia-
817 1312 819 1314 ’

55 1392 97 1418 num
115 1380 199 1418 concitat
200 1377 308 1418 aCaesa
322 1391 332 1416 a
347 1378 423 1429 Sapere
438 1377 524 1416 dicuntur
539 1378 613 1427 eentum
628 1378 733 1427 nonaginta
746 1380 804 1419 circi-

57 1449 87 1485 ter
106 1445 167 1491 rnilia;
187 1456 213 1482 ex
227 1444 274 1483 nrbe
289 1444 379 1482 Benabde
393 1443 443 1481 inilia
457 1443 532 1481 circiter
546 1454 614 1481 novem
628 1444 712 1482 virorum
727 1457 749 1484 ac
761 1458 806 1484 ιιιιι-

55 1512 144 1551 lier'um
139 1523 158 1549 m
178 1511 277 1550 Persidem
301 1510 383 1548 abducta
403 1510 459 1555 sunt3
481 1519 507 1546 ex
527 1509 574 1548 urbe
592 1509 654 1547 Nisibi
672 1510 773 1550 ineolaei
764 1513 806 1552 iere

58 1591 123 1632 carues
137 1579 265 1631 excesserunt
277 1577 347 1626 lugent
349 1587 370 1614 es
380 1571 407 1628 4.)
436 1537 476 1615 stu
493 1575 609 1626 Ardasciro,
628 1576 709 1628 Saporis
723 1590 806 1619 sucees-

61 1690 187 1697 --——--—

57 1765 117 1800 Raban
131 1762 279 1808 abulpharagius,
294 1761 360 1807 Elisaei
373 1762 418 1797 lilius
434 1762 477 1805 (non
493 1752 620 1797 eorrlnndendns
633 1761 662 1796 ille
674 1751 710 1798 eum
722 1761 807 1810 Gregorio

56 1819 199 1860 Bar-Hebraeo)
217 1823 270 1852 totum
285 1820 417 1853 ecclesiasticum
431 1818 504 1852 officium
516 1820 598 1851 memoria
613 1817 699 1852 seruabat.
720 1819 755 1863 ipsi
772 1823 808 1864 epi*
848 1830 853 1867 '.

58 1874 106 1920 scopi
119 1878 136 1909 et
147 1873 271 1918 archiepiscopi
283 1872 304 1908 N.
316 1872 336 1908 T.
348 1872 446 1908 desertbere
456 1872 540 1913 solebant.

126 1948 144 1993 t)
159 1946 193 1982 Sub
208 1946 352 1982 illurnelnecornnt
365 1948 437 1991 imperio
449 1948 533 1981 recensita
541 1948 608 1980 surii-in
622 1945 672 1990 Syria
683 1948 752 1992 proprie
764 1943 809 1982 clieta

58 2013 142 2049 pagorum
153 2003 243 2047 sexaginta
254 2002 306 2036 arilia.
329 2000 404 2035 Histoire
416 2002 440 2036 de
449 2001 508 2035 Timnr
519 2002 530 2035 ι.
542 2001 562 2036 V.
573 2010 587 2037 e.
599 2005 627 2036 20.

125 2077 303 2123 2)blesopota1mam
325 2077 394 2111 dicinnrs
415 2076 473 2110 eodeni
490 2078 567 2117 naariae,
586 2085 619 2119 qno
636 2074 701 2110 Plinius
718 2076 750 2120 VI,
771 2083 818 2115 31.:·
855 2121 856 2124 Ἴ

60 2133 216 2177 „Mesopotamiam
234 2133 255 2166 ab
270 2134 335 2166 oriente
353 2131 413 2176 Tigri,
433 2131 454 2165 ab
471 2141 532 2165 oeeusn
547 2129 643 2175 Euphrate,
662 2139 672 2165 a
688 2135 809 2177 septemtrione

59 2182 133 2234 Tarrre,'
148 2198 158 2221 a
173 2188 244 2222 meridie
257 2190 300 2222 mari
316 2186 385 2222 Persico
401 2188 493 2230 inclusam,
515 2186 621 2233 longitndine
637 2185 693 2223 DCCC
710 2189 751 2226 ιιιιιι.
763 2200 810 2235 pass.

57 2245 146 2280 latitudine
158 2243 240 2279 ccctnr‘

121 2320 144 2365 ὃ)
156 2318 181 2355 Cf.
194 2317 300 2354 Theodoreti
310 2317 349 2354 hist.
359 2288 409 2363 relisa.
422 2318 442 2353 de
453 2316 601 2362 Iaeohohlagno.

120 2394 141 2438 4)
157 2392 242 2428 Notantur
256 2393 339 2437 plurimae
356 2393 418 2435 urbes,
435 2395 477 2437 pagi
488 2396 505 2426 et
516 2392 560 2433 vici,
576 2402 647 2436 (puerum
659 2393 746 2437 episcopi,
762 2403 811 2438 pres-

20 2459 24 2470 ι
59 2447 116 2493 bpteri
131 2449 167 2483 sine
183 2447 259 2483 homines
271 2449 312 2483 laici
324 2451 376 2483 occisi
387 2452 431 2484 snut.
453 2447 495 2482 Erat
505 2449 559 2492 igitur
569 2448 631 2492 religio
640 2446 736 2482 Clnistiana
748 2448 811 2494 ubique

59 2505 166 2549 pervulgata.
188 2504 244 2549 ipsius
256 2507 303 2549 regis
314 2498 388 2539 meritur
400 2508 416 2538 et
427 2504 524 2552 praelectus
536 2504 619 2538 artificum
632 2506 676 2539 inter
688 2508 771 2549 martyres
782 2515 811 2539 re-

60 2550 155 2594 censentur.
167 2549 275 2594 'hlemoratn
287 2560 366 2604 dignum,
377 2559 423 2604 qrrod
433 2560 468 2592 tria
479 2560 584 2603 potissimum
594 2559 681 2603 postulata
692 2562 731 2592 sunt
742 2559 811 2594 antin-

60 2614 120 2648 stiauis
139 2614 162 2649 ad
181 2618 251 2649 mortem
269 2614 374 2650 euitandam:
395 2613 479 2648 Christum
494 2616 513 2647 nt
530 2613 645 2658 abiregarent3
667 2613 730 2657 solem,
748 2616 810 2659 ignem
844 2624 846 2626 ’

60 2677 122 2713 arguam
137 2670 220 2712 colerent,
235 2669 441 2715 sangurnemdemnm
453 2668 600 2705 comederent
622 2668 726 2715 ntaiwtpum
739 2681 810 2715 [pirorum

59 2725 128 2758 nomina
144 2726 251 2769 r,eeolnntur
268 2726 321 2760 inisse
338 2726 416 2760 dicuntur
427 2726 503 2760 sedecies
514 2727 566 2762 milia
588 2726 613 2760 De
624 2725 706 2760 Marntha
717 2726 762 2775 apud
774 2726 809 2758 lez-

60 2777 186 2821 negaremus
202 2779 267 2815 Assera.
283 2780 303 2813 Β
320 2780 340 2814 0.
355 2781 395 2814 al.
415 2780 520 2824 „ntmuttas
537 2782 597 2817 fauore
610 2790 644 2815 non
660 2782 721 2823 origne
737 2779 806 2822 gauisus
831 2814 835 2817 ,
