1786 3062
81 164 108 206 76

80 278 187 317 serrnuue“
205 277 296 327 scriptum
311 275 386 314 dicitur.
416 276 489 317 Contra
503 278 621 328 Pelagianos
636 279 743 318 accuratius
757 269 829 316 llierc-

80 357 148 395 liparus
161 343 257 394 explicat,
271 342 362 392 scriptum
378 342 425 381 illud
439 345 501 383 fuisse
514 345 618 395 Chaldaieo
633 347 653 384 et
666 336 719 395 Syro
735 356 829 394 sennocae,

81 411 116 449 sod
127 410 197 448 litteris
208 406 227 461 ¹]
245 408 354 448 Hebraicis.
382 408 488 449 Dicebatur
502 401 565 460 varlgo
579 412 708 462 Evangelium
722 400 833 449 llehraeum'

80 478 123 515 sire
142 475 246 516 secundnm
260 475 374 522 Hehrocos;
385 493 387 495 ·
399 476 438 515 tum
457 477 543 516 oirnrihus
559 477 673 529 Apostolis,
691 479 729 517 tum
748 479 830 517 inanime

80 543 179 584 dlatthaco
189 543 318 589 tribuchatur3
332 542 426 582 Nazaraei
435 542 482 583 illud
492 556 527 596 pro
537 543 646 583 autlreutico
656 544 751 585 hlotthaei
761 546 829 584 livan-

81 611 134 661 gelio
157 610 288 651 ueriditahaut.
321 607 367 648 lude
386 622 449 649 narrator
468 610 492 649 ad
512 622 577 650 aliattes
595 610 636 649 rere
655 613 754 663 permensit,
775 611 829 651 lllal-

69 677 156 715 'thaenm
168 677 263 720 Hebraico
277 675 391 726 scripsisse,
407 687 456 727 quac
471 678 562 715 cossiars
571 675 664 726 Syrorum
674 677 751 716 traditio
762 679 793 715 est
811 676 829 728 jn

81 743 209 793 Hieronymus
230 751 305 793 queque
318 741 402 797 *parilemm
420 735 477 781 aures
497 743 585 794 praelusit
600 741 643 782 huic
657 743 729 793 l'amae,
749 742 782 781 sed
797 743 829 780 ta·
855 784 859 787 ,

81 809 116 847 cile
130 809 215 847 haudem
228 808 342 858 perspexit,
358 807 389 846 uhi
403 808 470 848 lihrnm
484 809 545 859 ipsum
560 810 633 847 irruenit
644 807 670 861 ³).
699 808 737 846 Vix
750 819 829 846 rarcucu-

81 875 122 912 duro
137 876 178 924 est,
198 873 224 911 uil
238 883 334 912 cornrnuue
347 872 419 913 hahere
433 873 529 913 lllatthaei
543 873 682 925 llraugclium,
703 875 724 913 ut
742 875 760 913 iu
776 873 830 914 Sini-

81 941 127 992 plici
140 940 232 989 hahetur,
247 941 288 977 cuia
303 941 376 979 foetido
387 940 426 993 hoo
436 941 576 979 Nanaraeorum
591 941 647 980 lilino.
674 941 771 994 Quaerant
780 940 829 991 apud

80 1007 125 1045 illos
143 1005 295 1055 Euangeliorum
313 1005 425 1056 primordia,
451 1007 484 1057 qui
504 1007 527 1043 ah
548 1007 627 1044 Hssaeis
647 1006 749 1044 doctrinam
771 1004 829 1044 Chri*

81 1074 160 1113 stianam
174 1072 264 1124 repetunt
278 1073 298 1110 et
312 1071 422 1122 Hegesippi
436 1072 505 1110 fabrilis
520 1071 639 1124 homiliisque
653 1072 757 1118 Clementis
774 1072 829 1110 dele-

25 1178 27 1181 r
81 1124 162 1178 cientur.
190 1138 290 1176 Dialectus
309 1139 383 1186 anatem,
407 1148 445 1187 qua
463 1137 591 1187 unvaingelmm
610 1138 656 1176 illud
675 1139 766 1189 scriptum
780 1140 828 1188 erat,

14 1196 26 1239 ’.
80 1217 116 1244 non
131 1201 318 1255 purrrsvSyriasmns
332 1202 392 1240 nasse
410 1202 498 1253 videtur,
518 1203 553 1242 sed
573 1202 680 1243 declinasse
695 1205 718 1244 ad
735 1196 829 1244 Chaldai-

80 1284 119 1310 cam
139 1270 252 1308 laulaeorum
274 1268 376 1306 dialectum
394 1267 547 1319 hebraicantur,
571 1269 727 1319 queruadmodum
744 1256 842 1309 Hehrai-¹

80 1340 107 1378 cis
126 1347 200 1389 quoque
218 1334 288 1373 litteris
306 1335 406 1372 exaratum
422 1335 466 1373 crat
479 1346 516 1373 nou
531 1334 595 1386 Syris.
625 1335 687 1389 erare
701 1337 774 1376 relictis
787 1337 828 1375 ra-

20 1427 22 1429 v
79 1391 228 1443 laestiraeusihus
251 1401 271 1439 et
290 1400 395 1451 l'lhicuitis⁷
418 1401 449 1452 qui
469 1399 543 1441 Graece
564 1401 676 1454 plerumque
694 1402 828 1454 loquebantur,

81 1516 207 1524 „W-

148 1579 167 1618 1)
182 1577 201 1611 ln
213 1577 325 1612 caesareensi
336 1576 440 1611 lnihlictheca
457 1578 542 1621 euernplar
558 1579 595 1610 eius
611 1577 741 1619 assernehatur3
762 1579 829 1613 idcma

80 1634 171 1668 Parrtacno'
180 1630 299 1666 Alexandriam
315 1641 336 1665 ox
346 1631 410 1666 inulaea
422 1633 491 1667 allatum
502 1635 550 1673 cratg
566 1633 602 1666 eins
614 1632 722 1666 describendi
732 1633 829 1668 facultatem

80 1693 140 1723 nactus
157 1691 183 1721 est
198 1687 333 1729 Hieronymus-a
348 1686 442 1722 Nazaraeis
458 1689 476 1721 in
487 1687 555 1721 Beroea
571 1688 638 1721 ciuitate
654 1686 714 1731 Syriae
729 1687 829 1731 (legentibus

80 1743 172 1786 (hlanuert
181 1741 204 1776 Vl
217 1739 236 1775 H.
247 1739 255 1774 l
266 1752 282 1784 p
294 1742 347 1785 514).
370 1740 435 1775 Graece
445 1743 547 1784 translatum
560 1745 597 1775 erat
609 1745 648 1775 ante
659 1741 788 1787 Hieronymum,
802 1746 830 1788 qui

80 1799 124 1832 idem
143 1798 228 1843 latinitate
243 1794 318 1830 donavit.
345 1795 439 1830 Secumlum
457 1795 490 1830 hoc
504 1795 614 1840 Euangehum
628 1796 770 1832 Bartlrcloraaeus
785 1800 830 1833 inter

79 1853 130 1887 ludos
144 1852 253 1896 praedicasse
264 1851 331 1884 (licitur.

147 1917 167 1960 2)
179 1916 204 1950 De
220 1917 290 1960 antiquo
302 1913 386 1948 hlatthaci
401 1915 494 1958 eueruplari
506 1912 571 1949 Graeco
587 1917 604 1949 iu
621 1917 676 1950 insula
688 1916 743 1961 Cypro
756 1916 830 1951 Zenonis

79 1977 166 2016 tempore,
178 1974 253 2017 ,reperto
268 1969 313 2014 quod
324 1969 526 2013 magnrilicessdescriptum
543 1974 580 2003 erat
592 1974 608 2004 et
621 1973 638 2004 in
651 1971 701 2015 regia
712 1972 754 2005 aede
766 1976 830 2006 stimma

80 2023 190 2063 veneratione
202 2025 314 2073 serrabatur,
330 2023 365 2060 nid.
374 2024 439 2058 Assem.
451 2024 476 2066 ΙΙ,
489 2029 516 2060 82.

146 2096 168 2128 st
178 2082 237 2127 Refert
250 2089 362 2133 Hieronymus
378 2098 399 2123 eu
414 2088 447 2122 hoc
458 2087 553 2132 Euanrgclio
569 2090 678 2125 narrationes
695 2089 760 2135 aliquot
776 2091 830 2125 arrides

80 2151 97 2181 et
112 2147 190 2190 pauidas,
207 2147 317 2190 nequeenim
330 2147 368 2178 erat
381 2146 439 2179 versio
452 2142 546 2185 hlatthaei,
564 2146 591 2178 cui
605 2143 648 2178 nihil
663 2145 733 2178 [letatum
745 2144 788 2179 nihil
799 2146 830 2180 ad-

81 2201 134 2234 <litum
149 2201 218 2242 iniisset,
234 2200 264 2233 sed
275 2199 370 2244 figmentum
382 2200 431 2233 uario
442 2198 491 2232 modo
505 2198 602 2241 conticium,
619 2197 735 2234 Ebionitamun
747 2199 829 2235 fermento

82 2255 166 2299 locataque
178 2255 255 2288 doctrina
265 2264 300 2287 non
311 2256 415 2299 inquinatum
427 2254 480 2287 solum
492 2254 522 2288 sed
534 2254 618 2288 infectum
642 2253 667 2288 Gt.
682 2254 773 2296 dellette,
785 2254 829 2289 Einh

81 2310 113 2343 in¹s
126 2309 146 2342 N.
159 2309 180 2343 T.
192 2320 208 2352 p.
219 2313 246 2345 71.
270 2307 312 2340 Sunt
324 2318 365 2341 nero
378 2310 422 2341 inter
433 2307 522 2341 Ebionitas
535 2312 551 2341 et
563 2307 661 2342 Nazaraeos
672 2309 761 2342 nuiliacum
774 2319 838 2343 rerum

82 2365 221 2409 pravissimarum
240 2362 383 2404 traditionemque
403 2361 485 2395 salsarum
506 2364 582 2405 origines
598 2362 715 2406 quaercmlac3
735 2371 779 2406 quae
796 2357 831 2397 riou

81 2419 136 2453 schum
148 2417 170 2452 ad
181 2416 244 2463 Syros,
257 2414 286 2450 sed
298 2414 320 2449 ad
333 2413 407 2449 Graecos
419 2424 485 2460 quoque
497 2418 514 2449 et
524 2414 595 2449 Latinos
607 2426 626 2450 se
637 2421 759 2460 propagarunt.
781 2416 831 2453 Libri

82 2472 176 2518 apocryphi
193 2482 213 2507 en
228 2472 261 2518 hoc
276 2470 339 2515 angulo
356 2469 465 2514 prodierunt;
485 2469 506 2503 ala
523 2471 560 2503 istis
577 2470 625 2504 lictae
642 2470 710 2504 lalmrlae
726 2471 747 2505 de
762 2471 830 2509 Simone

82 2529 146 2574 araga,
166 2527 286 2571 Apostolorum
302 2525 369 2570 periodi
386 2528 403 2559 et
419 2525 458 2558 alia.
486 2524 527 2558 lude
545 2524 566 2557 ad
582 2524 635 2569 Syros
652 2523 747 2559 Orientales
764 2529 831 2563 inuecta

82 2585 140 2619 nmilia.
169 2582 194 2617 cf.
210 2582 279 2616 Eusehii
293 2580 371 2615 Emeseni
387 2581 473 2614 orationes
490 2583 508 2613 iu
524 2579 606 2614 historias
622 2581 702 2623 quasdam
718 2584 830 2629 aqrccrpphas,

82 2641 108 2675 illi
123 2649 159 2672 carru
173 2636 266 2680 Evangelio
279 2634 366 2674 Nicodemi
382 2644 482 2669 comumnes.
509 2633 527 2667 In
544 2633 586 2668 Cod.
601 2634 621 2669 V.
638 2634 683 2679 apud
694 2635 757 2669 Assem.
774 2636 793 2671 B.
811 2638 830 2674 0,

83 2696 132 2731 Tam.
148 2693 161 2728 Ι,
178 2693 274 2726 noritonam
289 2691 365 2724 narratio
378 2690 398 2725 do
409 2691 452 2726 ruho
463 2688 563 2732 Antiochia,
576 2689 660 2735 quornodo
672 2699 755 2732 anniversa
766 2693 788 2726 sit
799 2704 830 2739 per
856 2701 859 2704 ·

82 2750 226 2796 praedicationem
239 2746 312 2779 Simonis
323 2744 380 2786 Petri,
394 2745 463 2780 loannis
481 2750 497 2780 et
512 2745 562 2779 Pauli
577 2749 593 2778 et
605 2754 672 2779 carmen
684 2746 830 2792 clodecaspllalnua

83 2817 103 2841 eu
115 2803 217 2849 apocryphis
229 2801 350 2845 Apostolorum
360 2801 435 2844 periodis
448 2801 539 2836 desurntum
552 2803 569 2833 et
579 2799 642 2835 laccho
654 2801 738 2836 trihutuna
