1786 3062
97 169 138 213 118

100 290 149 336 qnae
166 283 191 322 ad
210 279 298 329 Tigridis
317 281 418 333 utrumqne
436 279 488 317 latus
507 277 545 317 sita
563 278 595 316 est
613 276 632 314 in
652 275 726 326 augurio
745 275 791 327 illo,
815 286 852 327 quo

100 347 253 400 Mesopotamia,
272 345 365 391 Armenia
378 349 399 388 et
410 345 476 386 illedia
490 345 614 396 contingunt,
630 354 706 394 semper
719 343 780 382 fuisse
795 340 853 382 Chri-

101 416 176 454 stianae
192 412 295 463 religionis
313 414 370 467 quasi
387 414 450 452 ionum
468 409 488 451 et
504 412 601 462 propriam
618 409 695 460 sedern,
713 410 745 448 ubi
758 409 861 469 badioque

99 479 228 520 lanobitarum
243 480 264 533 et
278 477 435 519 Nestorianorunr
453 476 546 529 reliquiae
560 475 628 516 latent.
655 476 682 516 Ut
696 478 758 516 aaron
772 475 796 513 ad
809 474 855 513 lna-

93 547 140 586 »ten
159 549 245 588 nostrum
263 547 376 598 redeamus,
401 557 438 586 nou
455 544 519 583 rniruur
539 543 582 592 est,
601 543 653 595 quod
668 542 795 584 Christianum
813 553 855 579 erun

102 613 164 653 fuisse
186 614 282 655 iaorarunt
304 615 388 664 postea,
410 622 465 665 quirun
490 609 583 648 Helenam
608 620 684 662 qaoque
707 610 748 649 eins
770 611 856 663 matrem,

103 678 213 732 Philonem,
234 680 283 720 alios
302 678 430 719 ecelesiastici
453 678 491 718 viri
518 674 637 717 Christianos
661 677 750 716 feceriut.
789 675 856 731 Neque

104 757 154 785 vero
173 745 247 795 onrnino
264 744 334 794 negari
345 744 427 795 potest,
446 743 562 794 peruenisse
571 741 609 792 illo
624 743 711 795 tempore
725 740 858 793 praedieatio-

104 822 147 850 nem
166 797 292 853 Christianam
312 808 361 849 lrarro
381 809 399 847 iu
417 809 528 861 regionem,
556 820 607 863 quae
626 808 700 849 referta
720 810 763 848 erat
780 806 858 848 ludaeis

106 877 127 916 et
140 877 255 932 proselytis.
283 877 343 924 Error
361 876 423 915 autem
438 876 462 914 de
477 875 531 916 irate
545 879 634 928 tanquam
648 876 735 928 principe
750 873 858 914 Cirristiano

8 974 10 976 >
60 994 62 1000 Δ
76 979 78 982 .
106 944 130 983 ιιι
142 944 222 995 primum
236 944 341 993 conceptus
356 944 398 993 est,
413 941 471 980 senile
486 942 509 980 ad
522 954 561 981 rem
571 941 720 993 annrplifreandanr
731 943 750 981 et
759 941 859 980 illustrau-
875 984 878 990 Α

108 1008 151 1049 dam
171 1008 228 1049 lictae
248 1010 292 1047 sunt
310 1006 388 1047 fabulae
407 1008 428 1046 et
445 1008 541 1060 epistolae
560 1010 657 1059 scriptae,
675 1005 860 1048 aceederrte'vario-
879 1006 880 1011 ’

53 1098 55 1100 »
90 1127 92 1129 v
107 1066 150 1125 rum
157 1076 241 1115 virorum
251 1061 369 1114 contusione.
396 1073 471 1112 Etenim
480 1072 573 1123 Abgarus
583 1075 625 1113 erat
635 1072 712 1124 titulus,
725 1084 762 1112 non
772 1072 860 1112 Osrlroe-

108 1142 139 1180 uis
151 1141 212 1181 solum
227 1140 263 1179 sed
277 1139 334 1179 etianr
343 1138 450 1179 Adiabenis
461 1138 572 1187 iarniliaris3
586 1138 666 1179 saeonlo
679 1139 764 1179 seeundo
774 1139 861 1178 Edessae

107 1202 203 1255 regnavit
215 1205 322 1256 Abgarus,
338 1204 396 1244 luatis
410 1216 518 1256 pronepos,
532 1207 586 1245 errius
598 1206 617 1244 in
631 1216 705 1244 nurrnruo
722 1216 769 1244 erux
782 1205 862 1256 primum

109 1274 202 1327 apparet,
221 1271 277 1311 etianr
295 1272 314 1310 in
328 1270 429 1311 Adiabene
449 1270 517 1310 eodeni
532 1272 575 1311 lere
592 1275 679 1323 tempore
694 1273 776 1323 apparet
788 1271 862 1322 Abga-

109 1350 150 1378 rus·
169 1339 262 1379 Nisiberra
278 1337 395 1377 bibliotheca
409 1336 503 1377 Edessam
518 1341 562 1379 erat
553 1337 684 1385 tt3translaa
700 1338 789 1377 facillime
803 1339 863 1388 igitur

110 1406 228 1448 iaotnnrt
196 1407 239 1455 ost,
257 1404 407 1457 utposterioris
421 1403 500 1454 Abgari
512 1415 545 1443 res
560 1404 631 1454 gestae
646 1403 807 1444 eorriunderentnr
821 1417 863 1444 oum

112 1470 193 1525 historia
205 1470 367 1524 principisillius,
381 1471 413 1522 qui
422 1472 508 1523 tempore
520 1468 591 1510 Christi
601 1471 685 1510 vixerat.
712 1470 764 1516 Vera
778 1472 864 1511 fortasse

79 1574 81 1576 .
112 1538 219 1589 scripserat
234 1536 333 1575 Lerubnas
350 1537 424 1588 seriba,
443 1537 478 1576 sed
496 1537 571 1576 erravit
584 1536 701 1586 Africanus,
721 1538 753 1588 qui
767 1536 864 1577 Sauatro-

114 1613 156 1642 eenr
177 1613 255 1656 quoque
272 1613 299 1641 ex
315 1602 394 1642 saenulo
415 1602 499 1643 seeundo
517 1602 536 1640 in
553 1603 633 1653 primunr
652 1602 746 1649 detrusit;
766 1595 864 1653 postremo

113 1667 207 1708 historiae
232 1678 318 1706 auuexae
336 1669 380 1707 sunt
399 1667 495 1719 epistolae
514 1668 603 1719 liotitiae,
624 1668 779 1721 quernadrnodum
797 1667 873 1709 llloses

115 1732 246 1775 Choreuensis
266 1734 336 1786 tradit,
355 1734 405 1774 inter
423 1733 526 1774 Armenios
545 1728 662 1774 circumferri
679 1737 722 1775 aeta
738 1737 759 1774 et
773 1735 814 1775 fata
828 1748 867 1776 nou

114 1802 177 1840 solum
190 1799 278 1850 Abgam
297 1800 333 1838 sed
348 1800 405 1839 etiarn
420 1798 506 1851 Tobiae,
526 1800 623 1850 Timone,
636 1799 723 1852 Addaei,
738 1800 789 1840 filiae
802 1801 867 1842 Sana-

116 1867 177 1907 truois
196 1868 216 1907 et
236 1864 322 1905 aliorum.
348 1864 379 1907 Ita
398 1865 475 1906 detecta
492 1865 570 1922 videtur
589 1866 667 1907 fabulae
682 1867 763 1908 veritas.
790 1868 866 1910 Utinam

116 1933 212 1986 Iosephus
230 1933 321 1972 stetisset
338 1932 445 1985 promisso,
465 1932 579 1985 blorrobaai,
596 1932 655 1972 iratis
669 1933 735 1972 fratris
749 1947 781 1973 res
797 1939 867 1986 gestas

116 2012 139 2040 se
153 2011 198 2040 esse
212 1996 344 2050 traditurum,
353 2000 422 2039 utinam
435 1998 515 2050 liceret,
531 2010 570 2038 nou
583 2000 603 2039 ta
592 2012 622 2039 am
636 1999 731 2049 indagare
745 2002 867 2054 oonieeturis,

117 2079 172 2120 quam
188 2064 273 2106 historiis
291 2056 375 2117 probare
393 2065 502 2105 veritatem.
528 2063 642 2106 Adiabenos
656 2067 703 2117 post
715 2068 808 2106 rnortmun
821 2067 868 2108 lna·
884 2068 885 2071 ’

116 2135 155 2173 tem
168 2143 277 2196 propensos
294 2132 389 2172 inarsisse
404 2131 493 2182 ludaeis,
513 2131 557 2170 inde
570 2134 636 2193 patet,
657 2132 709 2185 quod
723 2130 815 2186 Agrippa
831 2134 868 2174 de-

116 2198 182 2240 lrortat
174 2202 204 2240 tur
217 2198 416 2255 Hierosolynritanos,
437 2210 462 2239 ne
475 2199 494 2238 iu
508 2209 545 2251 ope
559 2199 583 2238 ab
597 2190 707 2241 Adiabenis
720 2199 801 2241 serenda
815 2213 869 2253 speon

59 2319 64 2331 Ι
118 2266 221 2328 salutiset
233 2265 319 2305 fiduciam
331 2266 410 2316 ponant.
610 2274 612 2278 ¹

182 2330 291 2369 Redeamus
311 2330 336 2369 ad
354 2329 464 2381 Sirnplioeur
483 2332 575 2370 nosram
609 2301 679 2370 Tradit
697 2328 804 2406 lpseplrus,
823 2329 869 2369 lna-

118 2398 157 2437 tem
171 2397 247 2436 misisse
256 2395 391 2445 Hierosolyma
405 2396 462 2435 πέντε
476 2410 510 2435 τον
522 2392 610 2447 ἀριθμον
622 2389 676 2441 υιοῦς
689 2390 723 2443 arlo
735 2396 808 2444 nicatore
817 2392 871 2444 reorlg

118 2467 209 2516 γλῶτταν
220 2458 255 2512 rip}
271 2456 325 2511 nand
338 2457 443 2511 Inodnrerg
456 2460 540 2509 πάτριον
552 2462 586 2501 ani
601 2462 690 2500 παιδείαν
705 2458 789 2513 ακριβιῦς
802 2466 871 2515 μαθη-

119 2529 224 2580 σομένους,
242 2538 304 2567 nourre
317 2526 361 2566 lruio
374 2514 453 2577 loseplri
467 2528 513 2565 nunt
514 2526 532 2565 io
547 2525 652 2578 respondet
666 2526 721 2568 loeus
730 2527 795 2568 laeobi
805 2528 871 2568 Edes-

79 2622 81 2624 ψ
120 2594 163 2632 seui
186 2605 246 2644 supra
268 2593 348 2644 citatus,
370 2594 456 2632 vertisse
477 2593 540 2633 Biblia
562 2593 618 2644 illos,
640 2605 688 2647 quos
710 2593 804 2646 Abgarus
827 2594 871 2635 olim

115 2658 257 2710 'Hierosolyma
278 2656 366 2700 irriserit?
386 2659 459 2700 laatem
480 2662 577 2702 volumina
598 2660 661 2700 lllosls
679 2662 779 2712 legentem
798 2662 876 2702 invenit.

120 2725 239 2776 Eleazarus,
257 2721 383 2776 proculdubio
399 2724 475 2764 Graeca
489 2727 509 2765 in
522 2728 623 2773 versione;
641 2727 724 2778 putasne
738 2738 807 2778 regern
821 2741 872 2781 ope·
888 2778 891 2779 ⁷

120 2806 161 2834 ram
180 2792 270 2857 dedisse,
295 2792 316 2830 ut
335 2791 450 2843 bnpatrium
465 2804 571 2832 sennonem
586 2793 696 2834 uerteretur
711 2805 747 2847 ea,
767 2795 798 2836 eui
813 2782 873 2838 totum
