1786 3062
774 235 801 275 Ἡ

113 347 142 386 ita
157 357 215 398 porro
233 347 360 399 factumest,
381 348 403 387 ut
416 345 481 388 ludaei
495 348 513 388 in
529 341 599 388 cnsilio
614 345 746 404 Babylonico,
761 347 800 387 lin-

48 426 87 464 gua
110 412 209 455 Chaldaea
233 413 323 465 recepta,
353 405 409 454 etiam
427 414 508 467 ,litteras
529 412 625 464 Assyrias
649 414 687 453 sibi
710 414 799 455 vindiea-

47 483 98 521 ront:
108 474 110 476 ¹
124 480 225 531 Babylone
245 480 293 519 enim
313 493 368 533 qrrrrm
388 480 455 520 sedulo
468 480 606 531 plurimumque
624 480 702 522 litterae
714 493 799 523 exerce-

47 551 123 599 rentur,
150 559 213 597 genus
230 547 276 586 illud
292 546 398 587 litterarum
420 547 484 596 magis
501 545 604 597 magisque
625 546 740 588 efformatum
760 551 797 602 est,

0 631 1 656 3
48 615 98 667 quod
115 614 210 655 eursiuum
225 612 304 654 uocant.
333 615 397 669 Quare
409 612 476 652 ludaei
491 622 567 663 quoque
581 610 632 649 illam
646 613 735 671 lerinam,
749 626 798 666 quae

0 714 2 723 2
47 682 117 734 ubique
131 682 150 719 iu
163 692 226 730 regno
243 680 382 721 Chaldaeorum
397 677 473 716 caleret
488 677 508 714 ct
520 676 613 716 facilitate
628 678 798 729 conrrucudaretur,

47 749 88 787 sine
108 747 225 788 dubitatione
243 739 396 794 assrrrnserunt,
409 753 466 794 quarm
481 740 595 790 Sarrraritani
609 743 688 782 lorrrram
703 744 799 796 antiquam

48 826 127 853 servare
146 826 181 865 pro
200 813 264 851 cilicio
282 810 383 850 haherent.
411 808 461 847 lisra
480 809 529 847 enim
549 810 630 862 eiusque
644 810 694 850 socii
708 822 746 850 non
761 812 798 851 tam

48 879 118 929 pusillo
137 879 197 916 anirno
211 879 266 915 erant
279 878 299 914 ct
313 886 421 926 perverso,
440 875 461 913 ut
476 875 494 913 in
508 874 615 914 litterarum
628 876 689 915 lorrna
703 878 798 916 sanctita—
850 903 852 905 -

48 944 85 981 tem
104 945 124 981 ct
141 943 272 991 integritatem
288 941 396 992 scripturae
416 940 532 990 servandam
547 952 591 992 esse
604 941 707 993 putarent3
721 944 798 984 facilius

48 1011 68 1048 et
91 1020 187 1048 courrmme
207 1006 348 1048 Chaldaeorum
372 1021 389 1047 s.
411 1007 549 1062 Araruaeorum
573 1008 670 1048 scribendi
688 1020 752 1059 genus
771 1010 797 1048 n-

28 1061 115 1114 'beuter
133 1075 260 1126 adoptarunt,
283 1073 335 1127 quod
354 1074 475 1126 posteriores
492 1072 558 1114 ludaei
574 1074 670 1125 ingenus
686 1075 797 1128 qrradratum

0 1130 1 1133 Ἴ
48 1140 181 1181 transllectere
200 1139 343 1194 communen.
369 1137 436 1180 'tredaci
451 1142 510 1194 enitar,
531 1141 633 1194 postquam
649 1144 728 1194 primum
743 1142 797 1182 Ara—

2 1250 3 1253 ,
47 1220 142 1248 nicaeorum
161 1220 213 1247 more
226 1209 302 1247 litteras
316 1218 373 1247 eursu
387 1209 469 1260 quodam
485 1207 547 1259 iicoti,
566 1209 627 1259 premi
645 1210 733 1262 etpquasi
749 1222 797 1249 coa*

47 1275 123 1315 leseere
144 1277 198 1326 passi
221 1277 276 1327 sunt,
298 1276 369 1326 postea
389 1276 495 1326 praecepta
512 1285 593 1326 prorsus
614 1277 710 1317 contraria
728 1277 797 1327 secuti,

48 1340 192 1392 calligraphiam
210 1342 231 1379 et
247 1341 325 1379 t'ormam
344 1343 416 1380 rectam
435 1340 574 1393 s.‘quadr·atanr
590 1355 626 1395 pro
641 1342 707 1382 norrna
719 1341 795 1381 habuc-

47 1409 102 1459 runt,
125 1408 151 1447 ita
170 1408 191 1447 ut
207 1407 285 1448 litteras
302 1409 339 1447 iam
357 1407 438 1446 innexas
457 1409 477 1446 et
494 1408 544 1447 inter
559 1420 580 1448 se
594 1410 668 1449 iunctas
682 1410 750 1450 iterum
764 1409 798 1447 dr

29 1526 30 1529 Ἴ
48 1476 98 1525 rimi,
122 1474 187 1513 denam.
203 1486 297 1525 surgere,
320 1475 438 1523 tegumentis
453 1474 508 1525 quasi
522 1474 542 1512 et
555 1474 682 1514 laudamentis
697 1475 760 1514 ornari
777 1478 797 1514 et

47 1541 127 1591 firmari,
146 1541 205 1579 rectis
225 1541 306 1592 denique
322 1540 378 1579 lincis
393 1541 412 1578 in
426 1551 482 1578 unum
495 1540 579 1579 ordinem
592 1539 658 1590 redigi
671 1540 760 1579 iuberent
769 1536 796 1593 ²).

48 1607 139 1646 Aramaci
160 1607 233 1656 auteur,
258 1619 297 1658 qua
315 1607 390 1646 ratione
411 1607 432 1644 et
446 1606 494 1655 lege
513 1605 636 1658 inceperant,
653 1606 730 1647 litteras
742 1596 797 1646 'anti-

48 1684 96 1724 quas
111 1671 220 1719 ruobiliores
234 1672 317 1711 reddere
332 1673 352 1711 et
364 1671 474 1723 faciliores,
494 1683 517 1711 ea
532 1672 566 1711 via
579 1672 723 1724 procedebant,
737 1684 797 1725 quare

48 1738 71 1777 ab
85 1739 191 1790 autaniore
205 1739 278 1789 corma,
294 1738 356 1791 qualis
369 1738 388 1779 in
402 1738 466 1777 coctili
477 1736 597 1790 Babylonio,
613 1738 681 1778 deiude
694 1739 713 1778 in
727 1751 796 1784 rnourr-

48 1805 116 1842 mcutis
130 1796 253 1860 ¹Palmyrenis
270 1806 364 1856 apparet,
387 1804 444 1843 facile
468 1805 559 1844 transitus
578 1805 672 1855 cognosci
686 1806 754 1858 potest
773 1805 797 1845 ad

48 1870 174 1910 recentiorem
190 1869 284 1922 Syrunm
303 1871 392 1920 formam,
416 1881 464 1922 qrrac
483 1870 539 1909 aliter
552 1871 619 1911 iterum
635 1872 686 1923 apud
700 1871 797 1912 laeobitas

50 1938 105 1976 aliter
123 1937 173 1988 apud
188 1936 317 1978 Nestorianos
332 1936 410 1978 exculta
425 1938 467 1989 est,
485 1939 547 1978 mater
561 1938 616 1978 airrrul
629 1937 727 1990 alphabeti
744 1937 797 1978 Ara-

48 2004 85 2043 bici
99 2004 159 2042 faeta.
472 2009 474 2013 ’
542 2006 544 2009 ”
761 1996 765 2002 “

113 2070 155 2111 Sed
173 2069 222 2110 hacc
234 2069 333 2111 imotenus.
362 2070 400 2110 laur
415 2071 487 2123 liquet,
506 2070 544 2122 quo
558 2071 599 2109 iure
613 2069 680 2111 Arrrira
692 2072 711 2109 ln
727 2069 797 2109 Cram-

49 2137 117 2175 matioa
133 2135 211 2174 delinire
225 2138 289 2189 possit
302 2137 386 2186 linguam
401 2136 502 2187 Syriacam
516 2149 532 2177 s.
543 2134 665 2175 Chaldaicam
680 2147 732 2185 cam,
747 2145 796 2186 quae

51 2206 71 2242 et
87 2204 133 2241 nata
147 2203 171 2241 et
189 2200 283 2242 dominata
303 2202 362 2241 sitin
377 2201 467 2252 Oriente,
486 2212 535 2253 quac
550 2200 604 2239 simul
620 2193 740 2252 Assyriaoa,
754 2200 797 2239 Ba-

49 2269 137 2319 bylonia,
151 2267 259 2318 Ararnaea,
273 2267 370 2306 Hebraica
384 2268 417 2306 vel
431 2266 540 2307 Christiana
548 2268 641 2307 nominari
649 2267 725 2319 possit,
740 2278 798 2320 qrrrrm

50 2333 204 2385 gentibusillius
219 2334 299 2373 nonriuis
312 2335 358 2375 uota
373 2333 432 2374 fuerit
447 2334 504 2386 atque
518 2333 542 2375 ab
556 2335 579 2374 iis
594 2335 693 2385 usurpate.

51 2444 179 2451 Μ

115 2522 134 2563 1)
144 2520 183 2555 Non
191 2531 260 2565 possum
265 2519 349 2565 Huploido
359 2522 445 2562 assentiri,
460 2522 489 2566 qni
498 2531 551 2566 genus
562 2521 648 2556 scnbcndi
664 2511 725 2551 *hibin
737 2519 798 2553 dietum

50 2578 172 2620 interpretatur
187 2578 288 2617 ‚‚reeturn¹‘.
310 2576 392 2620 Assyriae
405 2577 501 2621 scripturae
515 2576 545 2610 iiio
561 2580 637 2619 tempore
648 2575 740 2609 eommunis
750 2574 799 2607 notio

51 2634 93 2664 erat
119 2630 168 2671 iiiam
183 2634 259 2675 ternpore
275 2631 322 2664 exilii
337 2629 405 2664 Iudaeis
421 2634 507 2676 acceptam
523 2640 571 2673 csse,
590 2628 664 2664 Rabbini
680 2628 746 2664 docent.
774 2625 800 2662 Ex

50 2684 134 2721 Arauraea
145 2697 159 2722 s.
171 2685 276 2731 Babylonica
288 2687 373 2730 scriptura
384 2695 438 2729 genus
451 2687 551 2732 quadratum
562 2685 652 2720 formatum
664 2694 711 2727 csse,
722 2683 800 2728 Koppius

50 2739 176 2776 demonstrauit.
199 2741 242 2776 Rild.
254 2751 270 2776 n.
283 2740 330 2775 Sclrr.
341 2740 359 2782 i,
375 2742 413 2776 599.

49 2856 64 2891 H
115 2804 136 2847 2)
147 2803 202 2850 llopp.
218 2806 229 2841 i.
246 2816 259 2841 o.
275 2805 297 2840 il.
313 2815 329 2850 p⁴
346 2804 384 2844 156.
400 2804 438 2838 226.
453 2813 479 2848 sq.
497 2802 577 2849 llrrpleld,
597 2804 645 2841 Stud.
664 2815 679 2840 u.
695 2803 799 2861 ilrit1830·

65 2868 98 2901 -p
110 2861 149 2896 266.
161 2871 186 2906 sq.
