1786 3062
691 194 693 198 ,
757 151 817 216 ,eor
839 177 843 189 ,

49 238 134 319 posita.
162 265 222 305 Facta
240 267 284 318 suut
302 264 350 305 haee
370 267 464 320 excerpta
483 279 531 308 anum
547 263 688 319 christiano.
716 263 746 304 no
761 263 813 304 tem-

36 360 40 370 ,
63 344 110 385 pore
121 332 222 372 -lacolritao
235 331 263 371 se
272 333 359 388 recipere
372 338 478 387 coeperunt
491 332 511 374 in
526 335 619 385 regiones
633 334 732 373 rnorrtanas
741 330 813 371 Meso-

1 391 11 442 ’ζ’
64 400 159 451 potamiae
175 401 195 438 et
207 398 312 450 Assyriae,
329 402 349 440 et
362 402 497 442 uuonasterium
515 401 560 440 illud
576 400 600 440 S.
612 399 695 452 Aarouis
713 396 811 438 iquoute

64 462 137 516 Sigara
157 466 205 505 sotis
227 465 318 518 inclytum
338 470 380 507 erat
398 468 431 506 illo
450 470 549 520 ternpore;
570 478 612 505 nam
628 467 646 504 in
662 466 754 516 catalogo
769 466 812 505 Pa-
860 474 862 477 “

65 530 188 570 triarelunrum
202 532 320 572 Athanasius
334 533 359 572 V.
373 534 393 572 ct
407 533 440 572 Vl.
454 530 552 586 [a.·1003
565 533 585 571 et
602 529 666 585 1058]
680 533 813 583 recensentur,

64 598 150 637 ruronaolri
169 600 212 639 olim
233 601 254 640 S.
272 600 339 640 Aaron
357 600 376 639 iu
396 600 469 650 Sigara
487 598 575 653 [Assem.
593 598 618 639 ll.
633 611 652 650 p
666 595 732 651 480).
759 598 812 652 Quae

1 670 3 672 ’
64 663 126 714 igitur
140 666 243 707 ller'ruerant
255 667 317 706 studia
331 664 409 720 primum
424 666 512 705 Edessae
526 666 607 717 aliisque
622 666 641 703 in
655 663 745 714 urbibus,
759 663 813 703 lrisce

5 763 7 765 .
64 730 82 769 in
97 721 217 771 nrorrasteriis
233 733 342 773 eorutiuuata
356 734 400 771 snut
413 734 504 785 ,qrrantnm
518 731 572 771 licuit
586 743 622 784 per
636 723 741 782 temporum
757 729 813 769 cala-

65 798 141 837 mitates
160 801 180 838 et
195 801 344 838 evanescentem
362 799 474 837 eruditionis
488 799 589 836 fortunam.
616 797 654 837 Ubi
668 798 756 839 recensio
768 799 826 851 ipsa&
881 796 883 799 ”

4 855 9 889 j
64 861 208 915 llarlraplrensis
222 865 265 902 orta
278 864 315 914 sit,
329 865 420 904 incertum
435 865 474 902 est.
501 863 591 902 Andreas
602 862 709 902 Muellerus
721 862 756 916 [de
766 859 820 914 Syn

4 950 15 982 ἓν
64 929 118 968 librr.
132 941 193 969 soom.
209 941 274 969 verss.
287 942 308 980 p.
322 927 368 983 ne.)
381 940 451 967 nomeu
464 929 525 967 refert
540 929 563 967 ad
580 928 733 978 Mesopotamiae
748 929 813 967 urbem

8 1005 14 1024 ³
64 1015 138 1069 φορ
152 1002 224 1058 (Arai).
239 997 294 1072 &44³³
306 999 340 1058 E),
359 1004 479 1044 Assemanus
494 990 562 1046 dictam
576 1016 621 1045 esse
636 1005 814 1056 putat·rersione1u

283 1038 306 1079 J

65 1085 170 1124 rrrontnnam
191 1094 242 1133 carru,
266 1094 303 1134 epra
325 1083 400 1123 incolae
424 1084 512 1124 orontium
530 1082 638 1138 [lacohitae
658 1084 679 1123 et
694 1081 814 1136 Maronitas]

66 1142 182 1201 utantur'¹],
203 1148 327 1187 Wisemanus
345 1150 407 1202 ipsum
426 1150 510 1200 Sigarae
530 1151 611 1189 rnorrtem
630 1148 737 1199 significari
750 1151 813 1200 putat.

65 1226 107 1267 Sed
127 1227 163 1266 vix
176 1214 268 1279 ῙΔΞΟρΞ
284 1225 335 1278 quod
349 1228 427 1278 proprie
442 1228 535 1278 eraclium,
551 1228 609 1278 caput
622 1224 813 1279 [GolgotlraMattlu.

6 1298 7 1302 ’
66 1301 155 1354 XXVII,
170 1300 215 1354 33„
233 1301 274 1341 lolr.
288 1300 348 1352 XIX,
366 1301 409 1355 17.)
425 1304 493 1343 deinde
508 1304 601 1362 verticem
616 1303 724 1353 significat,
738 1302 757 1341 in
768 1303 814 1342 rmi-
835 1313 837 1315 ’

66 1381 144 1410 versum
157 1370 238 1407 montera
252 1368 295 1408 sive
308 1370 408 1420 regionem
421 1374 527 1411 nrorrtauam
541 1370 645 1420 designare
659 1371 737 1421 potest,
754 1381 813 1422 qnare

0 1448 11 1487 r3
66 1438 126 1476 oriuus
141 1438 158 1474 si
167 1435 246 1487 placeat
257 1434 281 1474 ad
297 1435 362 1475 unbem
375 1439 416 1476 eins
430 1438 509 1476 nomionis
523 1437 571 1475 lrarre
585 1437 714 1476 recensionem
729 1436 813 1490 deferre,
850 1447 852 1451 ⁴

67 1501 188 1553 cogitandum
207 1501 284 1556 videtur
303 1501 326 1540 de
341 1503 415 1542 vertice
430 1492 511 1555 quedam
525 1502 606 1553 orontis,
625 1503 658 1555 qui
671 1504 750 1554 proprie
765 1502 814 1544 Gal-

67 1562 123 1610 varia
142 1568 205 1608 dietus
223 1569 259 1607 est.
292 1568 346 1608 Satis
366 1571 430 1608 uotum
450 1571 490 1620 est,
510 1568 590 1621 plmima
609 1570 724 1609 monasteria
739 1571 815 1611 corrdita

67 1637 128 1676 finisse
141 1635 160 1674 in
175 1635 270 1675 caerrmiue
285 1635 365 1681 montis;
380 1636 522 1676 celeberrimum
538 1636 579 1675 erat
592 1636 704 1687 coenobium
718 1636 737 1675 in
751 1639 815 1677 uiuente

0 1716 13 1755 ²}
67 1696 174 1753 lldessae,
186 1701 265 1741 alterum
279 1701 298 1740 in
312 1704 375 1741 monte
389 1703 459 1754 nigro,
477 1701 569 1741 suburbio
584 1702 697 1742 Antiochiae
712 1705 750 1742 ete.

110 1864 112 1866 .
132 1823 182 1865 saon
203 1824 266 1863 antem
284 1821 333 1863 luaec
353 1824 469 1875 praecipue,
492 1814 542 1876 errae
562 1824 580 1863 iu
599 1823 702 1876 excerptis*
717 1826 815 1865 versionis

68 1890 211 1943 llarlrapluensis
234 1892 341 1931 ohservare
359 1890 412 1930 licet.
446 1890 461 1929 l.
486 1891 568 1929 Primum
591 1892 709 1947 singularem
729 1884 830 1943 sequitur

68 1956 157 2008 librorum
172 1957 256 1998 ordinem
271 1957 363 2012 (Wisem.
372 1970 392 2010 p.
406 1955 467 2008 213„
481 1956 592 1996 Asseru.ll.
607 1971 627 2010 p.
641 1957 711 2011 read:
724 1960 743 1998 in
756 1959 780 1998 V.
789 1958 815 1998 T.

68 2024 219 2065 l’entateuchum
237 2027 257 2064 ot
271 2017 328 2063 losue
348 2025 422 2075 exeipit
439 2023 474 2062 lilr.
487 2024 581 2074 lodicum,
601 2023 669 2063 deiude
683 2024 753 2075 Iobus,
773 2024 814 2064 Sa-

70 2091 130 2141 rnnel,
145 2091 210 2130 David
221 2089 323 2143 (Moloni),
338 2082 419 2141 neges,
435 2090 510 2129 llsaias.
539 2081 649 2139 Prophetae
657 2090 757 2137 duodecim
766 2103 816 2131 ecn-

70 2158 126 2196 sueta
140 2158 198 2197 serie.
223 2157 324 2207 Ieremias,
341 2157 393 2196 euius
409 2168 449 2196 cum
462 2156 557 2196 vaticiniis
570 2154 632 2196 tlrreni
641 2156 821 2211 eoaleseuutunum

68 2223 88 2261 in
105 2222 179 2264 lilmum.
206 2222 308 2264 Accedunt
327 2223 370 2262 lihri
388 2222 508 2275 apocryphi,
525 2223 617 2284 leremiae
636 2224 710 2276 oratio,
727 2225 816 2278 Epistola

69 2289 154 2343 Baruclr,
177 2291 262 2331 secunda
281 2289 362 2331 Barnclri
380 2290 463 2342 epistola
482 2291 494 2329 i.
514 2302 532 2330 e.
548 2290 597 2329 liher
615 2290 704 2344 Barnclr,
725 2292 817 2333 Ieremiae

71 2358 160 2407 epistola.
187 2358 280 2398 Succedit
297 2357 388 2397 nroelnel
408 2358 428 2396 et
443 2357 524 2408 Daniel,
543 2358 637 2397 intextam
650 2358 725 2401 habens
743 2362 818 2400 oratio-

8 2438 13 2457 ,2
70 2430 112 2462 uem
133 2425 153 2464 et
166 2426 259 2482 cauticum
274 2424 366 2466 Ananiae.
393 2424 512 2477 Adiungitur
526 2424 607 2464 luistoria
622 2424 665 2465 Beli
680 2429 700 2467 et
714 2426 818 2481 Draconis,

70 2488 119 2528 libor
139 2481 247 2532 Sorsaunae.
266 2515 293 2521 —
320 2491 429 2532 Proverhra
443 2506 460 2532 s.
474 2492 574 2545 Sapientia
586 2504 669 2545 magna,
687 2493 784 2534 llolrcletlr
799 2496 820 2534 et

72 2608 200 2617 -.--..-

137 2694 156 2739 1)
167 2694 269 2742 Assemanus
281 2698 299 2732 iu
310 2699 354 2734 Bihl.
368 2700 407 2736 Vat.
419 2699 473 2748 (latei.
487 2699 505 2735 P.
518 2700 531 2736 l,
544 2700 588 2735 'lom
600 2699 613 2735 l.
625 2683 642 2745 p.
653 2705 692 2737 287.
704 2703 818 2735 recensionem

69 2746 129 2791 'Karka
139 2750 185 2794 apud
200 2750 286 2786 Iacolritas
302 2757 319 2788 et
331 2753 428 2790 Maronitas
443 2758 461 2791 in
475 2767 507 2791 nsn
524 2767 562 2792 csse
574 2755 620 2790 dicit.
643 2755 687 2790 Sane
701 2766 721 2789 ex
735 2757 764 2789 illa
776 2767 819 2799 prur-

2 2806 11 2844 »ἦ
71 2805 123 2838 etalio
136 2808 174 2837 omo
187 2809 212 2838 est
224 2805 315 2841 Maronitis
328 2812 345 2842 et
356 2808 437 2843 Incolitis
449 2815 522 2853 recepta.
