1786 3062
59 146 96 188 ,88
135 211 137 213 ¹

71 259 123 299 tatur
136 259 155 298 in
170 255 276 309 lipporum,
292 253 338 295 Act.
351 254 420 307 XVll,
436 255 462 296 19
476 257 663 308 interpretamentum
679 253 820 294 additurrdics
860 258 863 261 ’

71 325 135 363 ieiunii
146 322 271 368 Iudaeorum3
289 319 352 360 hlarc.
360 319 415 370 vll,
430 318 449 359 3.
463 322 510 361 illud
523 326 600 378 πυγμῇ,
617 320 673 374 quod>
683 319 778 358 ludaioum
791 321 820 358 ri-

23 418 28 422 ,
71 391 110 429 tum
129 388 237 440 exprimere
256 385 344 438 videtur,
368 387 428 425 vertit
444 384 518 436 Syrus:
536 384 676 439 diligenter'J.
704 386 772 438 Neque
785 385 821 423 lu-
856 378 858 384 ’

50 453 51 457 ’
71 454 131 493 daeos
150 454 235 495 lectores
256 454 355 504 respexit,
375 463 410 504 pro
426 443 502 490 salrhati
519 453 552 491 via
569 454 655 493 scribens
669 452 731 491 stadia
746 452 820 503 septem

71 517 162 571 (Acti,
183 518 234 572 12·]·
248 540 274 545 —-
301 519 378 568 Lingua
394 519 457 558 autem
475 516 569 570 Syriaca,
590 530 627 570 qua
645 519 704 558 utitur·
715 518 820 570 interpres,
847 572 849 577 ,
888 567 889 573 ἵ

71 598 153 639 prorsus
172 586 263 641 oopvenit
279 592 321 626 eum
338 584 428 625 idiomate
443 585 607 637 Mesopotamiae,
626 586 727 626 vocabulis
742 585 822 625 Graecis

72 654 105 692 sat
119 654 183 693 multis
197 654 217 692 et
231 653 273 691 sine
286 652 326 691 ulla
340 652 382 691 iere
396 652 523 693 haesitatione
531 654 633 703 receptiS,
649 653 764 692 ruaximeiie'
773 664 821 705 quae

72 719 106 759 vel
116 721 168 758 vitae
181 720 254 758 forensi
265 717 373 759 ‘cornnrunia
386 720 434 770 sint,
453 720 476 758 ut
489 719 545 771 τιμή,
558 719 592 758 vel
607 730 644 757 una
659 730 699 757 cum
715 717 823 758 Christiana

72 784 116 835 ipsa
132 785 277 837 praedicatione
291 786 379 837 invecta,
398 787 420 826 ut
433 783 547 837 εὖχαρισῑία
560 807 587 814 -
601 785 635 823 vel
649 786 722 824 rariora
737 785 757 824 et
771 783 823 823 diiii-

72 843 141 890 fieilius
166 851 267 903 Syriacam
287 851 307 890 iu
330 851 414 901 linguam
436 852 596 901 transvertenda,
620 853 641 889 ut
663 849 781 902 εὖρυκλύδων
804 851 824 889 ct

75 912 149 971 alla²].
176 917 258 959 Multum
271 929 309 957 non
322 918 393 969 refert,
413 918 465 971 quod
479 918 517 957 Bar
531 918 632 956 Hebraeus
647 919 720 956 onmiuo
734 928 771 956 non
785 917 833 955 he-.

74 983 158 1023 nevolus
179 984 213 1024 vel
232 983 434 1037 addictus'Simplich
457 982 580 1035 reprehendit
598 994 735 1035 uourrumqnam
753 983 825 1022 formas

76 1050 137 1088 ruimus
157 1052 295 1100 grammaticae
312 1043 394 1100 regulis
406 1050 511 1101 probatam
529 1050 596 1088 etenim
610 1049 629 1087 in
643 1050 751 1088 uuiversum
766 1062 825 1100 pror-

76 1126 110 1153 sus
124 1116 200 1155 accedit
215 1117 281 1156 versio
297 1116 322 1155 ad
336 1115 386 1156 illam
401 1115 480 1165 linguae
496 1115 591 1166 speciem,
611 1127 667 1167 quam
682 1118 752 1167 postea
767 1117 825 1156 etiam

74 1181 139 1229 inagis
157 1193 193 1233 per
212 1170 266 1221 viros
286 1182 385 1235 litteratos
406 1181 502 1221 excultam
516 1181 634 1227 Edessenan‘r
650 1182 693 1221 sire
709 1182 824 1233 Mesopota·
850 1202 855 1205 -

75 1258 147 1285 menam
164 1259 238 1288 vocare
257 1247 311 1287 licet.
338 1247 393 1287 Haec
410 1248 472 1286 onnria
489 1247 550 1296 igitur
566 1248 636 1298 optime
651 1247 746 1298 quadrant
758 1248 777 1286 in
791 1249 825 1288 vi-

75 1322 116 1349 rum
137 1312 273 1365 interpretem,
297 1312 373 1351 natione
394 1312 475 1363 Syrum,
499 1313 630 1363 qui'Graecis'
650 1312 725 1357 litteris
738 1312 787 1351 hene
807 1315 837 1352 et·
860 1356 861 1359 Ἴ

76 1378 166 1417 accurate
182 1377 281 1418 institutus
294 1379 315 1418 et
329 1379 379 1418 onrni
392 1377 449 1417 modo
462 1376 536 1416 illorum
552 1379 657 1428 temporum
671 1379 777 1418 eruditione
791 1391 826 1418 sa-

76 1441 101 1479 tis
117 1442 190 1493 politus
199 1441 219 1498 ³]
225 1470 231 1494 ,
255 1444 274 1482 in
292 1454 346 1483 usnru
364 1444 483 1496 popularium
499 1442 595 1484 Cononem
611 1442 702 1482 librorum
714 1455 740 1483 ex
754 1444 827 1484 Antio-

24 1526 26 1528 ·
46 1519 47 1522 ¹
76 1506 137 1546 clrena
152 1508 235 1548 ecclesia
250 1509 269 1547 in
279 1508 356 1559 Syriam
364 1509 481 1557 Orientalem
495 1509 596 1548 advectum
611 1519 655 1546 cura
670 1521 741 1559 inagna
754 1510 827 1550 ellae-

74 1572 149 1613 tissimo
167 1575 237 1626 parlim
256 1585 349 1615 successu
368 1576 451 1628 patrium
467 1576 486 1614 in
502 1586 608 1614 sermonem
622 1575 747 1615 transtulerit.
774 1575 826 1616 Sane
854 1623 857 1634 Α

76 1639 160 1678 castitasv
174 1629 208 1679 illa
220 1641 247 1687 vet
266 1641 382 1693 integritas,
404 1652 442 1694 qua
460 1640 571 1689 Evangelia
590 1640 610 1677 et
623 1638 763 1691 Apostolorum
775 1641 827 1683 Acta

76 1704 150 1756 scripta
164 1706 220 1758 sunt,
247 1718 285 1759 qua
302 1705 348 1746 nihil
367 1718 449 1760 unquam
462 1705 552 1744 sanctius
565 1704 641 1756 ‘prodiit
659 1709 679 1746 et
693 1708 827 1760 admirabilius,

75 1770 154 1810 minime·
170 1772 241 1825 uirique
260 1774 352 1812 servatur·
371 1773 390 1811 in
408 1772 511 1819 versione;
533 1771 569 1809 ianr
590 1769 717 1812 Clu'lstianum
733 1775 827 1825 quoddam

61 1835 167 1888 loquelae
185 1839 205 1878 et
222 1838 344 1880 formularum
364 1850 427 1889 genus
445 1839 466 1878 et
482 1848 596 1889 perversam
614 1837 767 1880 doctrinamhlo
786 1840 835 1891 iilia,

77 1901 195 1953 dignoscere
213 1904 266 1946 licet·
297 1906 351 1946 Luca
369 1906 387 1944 iu
406 1903 463 1943 Actis
482 1904 596 1957 incipiente:
611 1930 616 1942 .
633 1931 638 1943 .
654 1899 716 1956 .„r5r
730 1902 828 1958 ἤρξαῑσό

75 1964 151 2016 Ἰησοῦς
169 1975 233 2011 ποιεῖν
251 1985 272 2011 τε
290 1976 324 2013 καὶ
343 1968 457 2011 διόαίτιιειν<ί
470 1990 499 1996 -—
519 1967 583 2020 Syrus
603 1979 636 2007 ore
650 1966 739 2020 'pleniore
756 1960 826 2012 hahet:

76 2033 188 2086 „nonnus
205 2039 273 2079 noster
287 2038 342 2079 lesus
358 2035 466 2079 christum
481 2036 503 2075 ut
519 2034 606 2086 saepius.
632 2033 708 2074 Nemini
725 2036 828 2087 symeonis

75 2102 187 2156 plerumque
199 2105 275 2145 additus
288 2105 377 2158 „Petrus
383 2103 403 2142 “.
430 2101 477 2142 Act.
492 2099 521 2153 ll,
537 2099 569 2152 4.,
586 2100 617 2139 uhi
631 2100 649 2138 in
666 2099 741 2155 Graeco
755 2102 827 2145 hahes:

77 2161 156 2216 ,chur
169 2171 191 2208 aa*
203 2173 390 2224 προςκαρτεροῦνῑες
405 2171 429 2225 τῇ
443 2164 511 2223 διδαχῇ
525 2169 564 2208 τῶν
576 2162 690 2207 ἀποστόλων
702 2170 735 2208 καὶ
748 2172 771 2225 api
785 2171 829 2211 aoe-

77 2235 137 2287 νωνίᾳ
152 2236 185 2275 καὶ
204 2238 227 2290 τῇ
244 2237 309 2276 κλάσει
327 2239 362 2276 τοῦ
375 2232 436 2288 ἄρτου
450 2236 482 2274 καὶ
497 2238 540 2279 ταῖς
551 2232 694 2286 προςὲυκαῖς,“
709 2235 770 2276 vertit
784 2236 828 2287 Sy-

142 2370 161 2414 1)
176 2370 196 2406 In
211 2379 257 2406 vers.
273 2368 396 2405 Plriloreniana
412 2372 431 2405 in
446 2371 523 2415 margine
538 2369 601 2419 legitur
613 2369 635 2403 ad
647 2369 664 2405 lr.
676 2370 687 2404 l.
701 2367 828 2433 ςιᾷΰρᾒὲοξ

76 2447 201 2530 ΚοωΔιῡῦ
210 2441 292 2504 ilios,
308 2446 348 2500 qua
360 2456 418 2501 ungros
430 2458 465 2490 sus
476 2458 494 2489 m
505 2463 551 2500 aqua
562 2437 621 2488 ludunt
632 2455 664 2501 (a).

141 2540 161 2582 2)
176 2539 202 2577 Eu
216 2540 253 2575 solo
265 2538 401 2583 Matthaeroap,
412 2539 482 2575 XXVII.
492 2531 547 2573 uerba
560 2536 626 2572 Graeca
638 2541 704 2585 colligit
715 2542 780 2586 llugius
793 2551 828 2575 non
888 2527 891 2536 X

76 2594 130 2628 miuus
142 2592 229 2634 undecim,
243 2589 321 2636 ἡγεμών,
337 2593 390 2636 τιμὴ,
406 2591 467 2638 ἀγρὸς,
484 2592 542 2636 ξένος,
557 2591 615 2637 βῆμα,
633 2593 748 2635 στρατιῶται,
760 2596 828 2638 σπεῖρα,
853 2607 855 2611 ’

74 2646 148 2692 planch,
168 2645 270 2692 πρόσωπον,
291 2645 361 2688 λῃσταὶ,
382 2645 460 2690 σπόγγος.
489 2646 514 2678 Gl.
530 2646 629 2694 Hoffmann,
650 2645 741 2681 Granrmet.
756 2647 794 2693 Syr.
810 2652 829 2684 in

75 2703 157 2748 Prolegg.
551 2694 553 2700 ’

142 2765 161 2811 3)
171 2763 245 2811 Furores
257 2764 347 2808 graviores
359 2772 394 2797 nou
405 2763 466 2797 multos
479 2762 570 2804 commisit,
588 2765 606 2795 nt
618 2763 663 2798 inlr-a
674 2764 773 2803 ridebimus.
