1786 3062
1 117 88 161 ,54

63 231 134 269 siarum
152 237 204 267 saec.
223 224 248 266 Π.
267 228 288 264 et
305 225 339 264 111.
359 225 505 265 describendum
523 216 680 278 progrediamur,
704 220 833 276 opusculi,>
879 214 881 216 ’

65 295 181 348 publicarum
194 300 256 332 rerum
267 292 347 331 hreveru
361 292 475 334 mentionem
487 282 619 343 praemittere.
660 298 662 300 ’

395 496 449 538 (iar.
467 493 491 537 ll,

69 584 139 637 Quae
152 597 234 629 rerum
249 583 457 627 Christianarum
470 580 580 635 inSyria
594 582 816 642 ethiesepotarnia
833 600 835 602 ·
881 584 889 598 ²

154 655 268 702 conditio
284 658 366 701 inerit
379 669 461 700 saeco.
476 654 632 698 secrando‘et
648 659 733 698 ter-tio.
818 652 821 655 ’

115 793 117 795 v
135 745 212 796 Syria
226 745 397 786 occidentalis
417 756 429 782 a
444 743 530 781 lloumue
544 742 636 794 praesule
650 743 768 794 regebatur,
783 757 819 784 err·
881 740 893 800 ',

57 808 173 850 'iussores
187 809 291 851 Antiochia
305 812 359 863 erat,
377 811 423 849 nrhs
437 812 456 849 in
467 809 546 849 Oriente
559 809 617 848 iaeiie
630 810 701 861 prima,
721 810 819 863 opulenta,
881 799 884 818 '³

67 877 172 924 ¹lurmriesa
181 876 207 930 ¹].
235 877 339 917 Provincia
359 877 484 929 satis-,ampla
498 878 541 915 erat
553 879 574 915 et
588 865 681 925 entensa,
699 878 772 914 raiuiuae
787 879 819 915 ta-

8 980 11 984 ,
72 955 115 982 men
134 944 162 982 ita
176 943 304 983 Rornanorum
319 943 416 994 imperinm
434 941 470 981 hae
485 942 504 979 in
517 941 599 990 regione
612 940 709 979 fundatum
723 943 743 980 et
757 942 821 983 etalii·
883 932 892 971 ,²

72 1009 126 1050 litum
143 1010 196 1060 erat,
215 1011 239 1054 ut
256 1021 294 1048 uon
312 1009 370 1048 urhes
389 1000 605 1060 regicrresque‘rmrltae
616 1008 695 1058 proprio
709 1004 750 1047 iure
764 1009 819 1058 irrue·
884 1061 885 1064 Ἴ

73 1077 146 1121 rentur.
178 1074 287 1116 Seleucidis
312 1086 359 1124 pars
382 1075 473 1124 quaedam
495 1071 636 1122 Corrnaagenes
654 1084 747 1112 concessa
767 1075 821 1126 crai3
884 1076 888 1126 [

74 1140 186 1180 Palaestina
203 1146 250 1178 suros
267 1152 329 1190 reges
346 1139 423 1190 hahuit,
446 1138 510 1188 reguli
523 1140 568 1177 itenr
581 1139 723 1178 dominabantur
737 1139 755 1175 iu
768 1139 823 1178 Ara-

73 1203 105 1244 tia
124 1207 144 1244 et
158 1205 346 1252 Libanimontihus3
365 1205 401 1244 vix
415 1205 435 1243 id
448 1204 552 1243 effecerunt
565 1205 655 1254 Rornaui,
675 1206 696 1243 ut
710 1204 754 1242 vias
767 1217 778 1243 a
791 1205 822 1243 la·
884 1240 886 1254 Ἰ,

73 1270 160 1310 trontius
175 1271 282 1310 tuerentur.
310 1269 332 1309 lu
346 1271 455 1309 universum
470 1271 533 1309 lauraen
547 1282 582 1321 per
597 1270 676 1326 longum
689 1272 764 1320 leupus
774 1271 823 1320 pace
881 1267 889 1305 J

74 1335 174 1386 gaudebat
186 1335 246 1385 Syria
251 1349 257 1383 3
270 1334 385 1385 Antiochia,
399 1334 508 1385 Laodicea,
524 1334 623 1384 Apamea,
640 1334 747 1385 Epiphania
762 1335 824 1374 aliae·
881 1339 893 1343 ’

75 1401 194 1457 queuntes
216 1393 284 1451 epihus
306 1398 417 1453 divitiisque
436 1402 505 1440 anctae
525 1402 575 1440 sunt.
599 1398 743 1450 ,vectigalibus
762 1403 825 1440 tamen

74 1468 117 1507 iere
132 1466 300 1519 supprimebantur
315 1466 389 1506 incolae
405 1466 521 1506 aRomauis
536 1468 556 1506 et
573 1466 681 1515 asiugulis
697 1468 826 1517 ragollella

75 1535 98 1572 ut
115 1539 219 1583 paucorum
236 1531 315 1570 divitirae
329 1534 350 1571 et
362 1531 449 1583 inuenies
464 1532 487 1570 ad
502 1533 636 1583 paupertatem
650 1533 671 1570 et
684 1531 766 1582 inopiam
779 1533 825 1583 plu·
882 1552 883 1555 =

29 1615 31 1617 ·
76 1599 134 1637 nimos
153 1591 250 1645 adegerit.
278 1596 353 1636 Deinde
373 1598 477 1637 teta-iere
491 1597 551 1647 Syria
568 1596 681 1648 perturbata
696 1599 727 1636 est
741 1596 826 1637 Iudaec-

78 1676 118 1702 rum
137 1661 262 1700 seditionibus
270 1659 302 1714 ²),
327 1663 443 1710 Graecorum
459 1662 555 1702 adversus
568 1661 651 1701 ludaeos
665 1663 708 1702 odio
723 1664 743 1703 et
757 1665 826 1703 saevi·
884 1670 887 1705 ἶ·

77 1730 105 1769 tia
113 1726 145 1782 ³j,
169 1726 320 1780 hellodenique
341 1729 419 1769 ludaico
435 1730 455 1768 ei
468 1727 579 1768 ludaeorum
591 1730 704 1781 captivitate
717 1731 737 1769 et
751 1730 827 1787 exsilio.

77 1794 208 1844 Paupertate,
232 1793 347 1843 captivitate
371 1796 391 1833 et
409 1794 525 1835 Graecorum
544 1795 709 1852 Rouaauouunque
727 1797 828 1846 tyrannide
885 1834 886 1839 ,

78 1859 213 1912 premebantur
231 1859 288 1898 etiam
309 1858 423 1911 Christiani,
446 1857 524 1913 quaerum
544 1874 591 1912 pars
610 1863 692 1900 urraxima
706 1861 772 1901 Iudaei
792 1862 828 1902 vel
885 1882 892 1903 u

77 1925 192 1978 proselytae
215 1927 281 1974 eraut}
303 1918 423 1976 rruarlti'inga
443 1927 633 1977 sihieorrsulentes,
655 1929 674 1966 iu
694 1928 784 1978 deserto,
809 1931 835 1968 in.

78 1993 164 2044 Peraea,
188 1993 208 2031 iu
224 1986 293 2031 Libani
310 1992 423 2041 regionibus
442 2004 504 2031 novas
521 1992 579 2031 sedes
593 1995 737 2045 quaesiverunt.
765 1995 828 2048 Quare

79 2059 96 2097 si
113 2058 192 2109 primurm
212 2057 294 2097 maxinme
313 2058 331 2112 iu
351 2058 427 2110 oppidis
447 2058 542 2105 ecclesiae
561 2059 653 2099 fraudatae
670 2061 737 2110 eraut,
759 2061 796 2099 iam
810 2063 829 2114 in
886 2047 889 2097 i

80 2134 152 2173 agros,
173 2125 240 2173 vicos,
260 2123 381 2177 solltudiuem
398 2121 530 2178 regionesque
547 2128 646 2165 incuntanas
665 2124 767 2167 Christiani
787 2127 829 2167 dis·
892 2130 893 2135 ’

79 2189 134 2241 persi
152 2190 203 2227 sunt.
233 2187 275 2227 Sed
291 2191 323 2242 qui
336 2186 404 2230 ‘status
422 2192 482 2231 fauerit
500 2191 624 2232 eeclesiarum
645 2192 664 2231 iu
679 2192 738 2244 Syria
752 2195 830 2245 quaeri·

80 2266 133 2304 auarus,
153 2266 202 2305 quae
215 2254 275 2293 iorrua
289 2256 309 2295 et
323 2257 397 2296 interna
411 2258 467 2297 ratio.
887 2247 891 2256 χλ

148 2445 167 2487 i)
181 2443 249 2479 Rorrram
266 2447 281 2478 si
296 2448 371 2492 excipis,
390 2446 481 2482 Antiochia
497 2450 514 2481 el
530 2446 608 2482 Seleucia
627 2451 709 2485 inanimae
722 2455 770 2486 euram
781 2452 832 2490 arabes
891 2480 893 2486 ,

75 2499 135 2532 vnotius
147 2498 193 2532 urhis
206 2498 282 2534 Romani.
306 2500 332 2536 Gt
343 2501 434 2543 Mannari,
452 2502 481 2537 Vl.
493 2502 525 2536 Th.
538 2502 545 2535 1
557 2513 573 2545 p.
584 2504 623 2539 467,

148 2561 167 2604 2)
184 2559 229 2598 Quint
243 2559 345 2598 Graecorum
362 2565 410 2600 milia
424 2569 443 2600 in
459 2566 498 2600 sola
513 2566 569 2599 insula
584 2565 640 2611 Cypro
656 2566 739 2602 Hadriani
757 2572 833 2613 tenrpure

82 2612 173 2650 alaudaeis
182 2615 272 2649 irulerieeia
284 2618 327 2659 siat,
343 2629 364 2654 ex
375 2620 430 2656 llione
442 2624 514 2657 constal.

148 2674 167 2724 3)
179 2678 234 2713 Etiam
245 2678 333 2724 Babylone
347 2686 364 2717 et
375 2682 463 2721 Seleuciae
475 2685 558 2722 adversus
566 2685 637 2722 ludaeos
650 2689 755 2722 coniuratum
766 2691 783 2722 et
794 2674 833 2722 sae·

83 2735 135 2770 vitum
145 2738 171 2778 esd
184 2734 256 2770 Claudio
267 2734 348 2771 euasura.
817 2743 822 2751 ”
