1786 3062
91 166 119 208 58

81 278 178 319 'haeresis
198 277 276 316 saeculo
296 278 353 316 tertio
373 278 392 315 iu
409 277 490 317 Perside
506 281 575 319 exorta
589 270 717 318 estManetis
730 275 758 331 ¹),
777 276 841 331 quim

74 334 76 336 ¹
86 345 232 396 Mesopotamia
242 355 283 383 omn
292 343 398 395 Archelao,
409 345 502 395 episcopo
513 344 636 397 Cascarensi,
647 344 742 384 celebrem
751 344 841 396 disputa·
878 361 881 364 ·

92 409 246 464 tionemflmbuit
266 407 326 462 (ariano
343 411 420 450 circiter
435 408 494 463 ⁶262).
521 410 575 449 idem
588 411 697 451 Archelaus
713 411 840 460 septemmi-

39 522 41 525 v
92 476 117 515 lia
131 476 269 528 septingentos
282 475 403 517 Christianos
418 475 529 516 allonranis
543 476 634 517 militibus
650 479 718 529 captos
734 476 840 516 redemisse

88 543 172 595 dicitur,
191 544 242 584 irride
260 556 342 594 maguus
357 542 507 584 Christianorum
522 544 561 581 tum
576 544 668 595 temporis
681 554 769 583 numerus
783 543 840 582 evin-

93 611 152 658 citnr;
164 622 237 663 neque
250 612 293 662 ipse
308 610 377 650 Manes
392 622 450 657 suam
464 610 481 647 in
497 608 578 648 Perside
592 608 681 649 haeresin
697 610 840 665 excogitasset,

92 677 129 715 nisi
147 677 195 715 fides
210 676 318 717 coriscum
336 676 386 716 altas
400 676 469 714 ibidem
484 675 559 729 radices
576 675 658 723 egisset.
671 708 673 711 s
685 674 707 713 lu
722 677 764 715 tota
777 676 840 714 auteur

91 741 234 793 Mesopotamia
252 743 272 781 et
286 742 367 781 Perside
383 743 454 794 primas
468 743 536 793 partes
546 742 652 791 ,tenuerunt
665 742 754 793 episcopi
767 740 841 781 Seleu-

92 809 151 858 ciani,
167 807 282 860 patriarchis
295 808 423 849 Antioohcnis
437 809 526 848 subiecti.
554 807 652 847 Abraham
663 807 789 848 Oasoarensis
804 805 841 860 [bs

93 872 175 928 -lbbj
195 873 310 914 Antiochiae
328 886 373 929 esse
393 875 491 914 ordinatus
505 874 573 914 dicitur
588 876 608 915 et
621 886 703 926 pacasse
717 875 841 926 persecutio-

91 952 135 980 nem
149 954 161 980 a
173 941 241 982 Persis
255 938 278 993 [i.
294 953 311 981 e.
325 940 413 994 Parthis]
425 942 531 988 iucensam3
546 940 675 979 Aebadabues
690 932 739 980 uero
750 953 788 979 non
796 940 841 979 An-
853 986 855 990 ‚

93 1007 186 1058 tiooluae,
203 1007 239 1047 secl
254 1006 395 1057 Hierosolymis
411 1006 520 1056 ordinatus,
541 1004 602 1057 [139]
621 1017 680 1057 quorun
696 1005 747 1056 apud
767 994 854 1044 Antio-¹

93 1071 147 1111 chiae
170 1073 277 1123 praesidem
301 1075 390 1123 tanquam
408 1073 508 1111 Persarum
531 1071 644 1121 explorator
660 1070 739 1109 'delatus
759 1081 852 1121 poenam

93 1138 162 1188 capitis
174 1139 278 1189 subiisset,
291 1139 327 1177 nisi
342 1139 391 1188 iuga
406 1138 443 1176 sibi
457 1137 586 1176 consuluisset
598 1134 631 1189 [B.
641 1135 665 1175 0.
678 1136 703 1176 T.
712 1136 735 1176 ll.
747 1148 767 1188 p·
776 1134 841 1188 397.)Ι
868 1167 870 1170 s

92 1203 221 1255 Sciacblupba
238 1203 300 1257 (162)
315 1205 400 1244 initiatus
415 1205 446 1260 est
459 1202 562 1242 Seleuciae
577 1202 601 1241 ab
616 1202 745 1242 Orientalibus
760 1203 840 1254 episco-
874 1250 875 1256 ¹

91 1271 131 1321 pis,
149 1270 202 1309 bello
216 1271 318 1309 Persarum
334 1283 374 1309 oum
388 1270 479 1309 Rornanis
494 1270 632 1308 intercedente.
660 1269 714 1308 Haeo
726 1271 789 1308 tamen
800 1280 840 1306 om-

91 1337 122 1375 nia
139 1347 176 1375 uon
196 1337 241 1375 sunt
258 1336 306 1375 satis
326 1335 419 1387 probata3
444 1335 468 1374 de
490 1335 588 1387 episcopis
606 1333 727 1374 seleucianis
745 1335 782 1375 vix
795 1346 839 1374 cer-

92 1408 123 1442 tus
142 1404 218 1441 nuntius
236 1402 306 1441 allatus
323 1404 412 1441 estante
427 1403 510 1453 Papam,
532 1403 564 1452 qui
578 1404 662 1441 exeunte
677 1414 730 1440 saec.
746 1402 804 1441 tertio
820 1402 840 1440 et

37 1517 38 1520 Ἴ
91 1471 168 1508 ineunte
187 1470 255 1521 quarto
274 1468 339 1506 sedem
356 1469 485 1519 episcopalem
503 1467 553 1505 haud
573 1467 631 1521 ruulta
645 1479 686 1505 oum
700 1468 757 1506 laude
772 1468 840 1519 tenuit,

92 1526 113 1574 ab
129 1546 206 1574 eausam
224 1532 331 1572 sclrisnnatis
346 1534 446 1585 praebuit,
466 1547 521 1586 quum
533 1534 566 1572 uui
580 1533 676 1573 ecelesiae
690 1534 746 1574 binos
760 1534 839 1585 episco-

92 1613 129 1652 pos
148 1599 254 1651 praeficere
273 1601 408 1638 consuevisset
423 1599 510 1652 [Assem.
523 1599 561 1650 lll,
580 1600 599 1639 2.
613 1612 634 1651 p.
649 1598 715 1652 blau.
740 1600 839 1639 Persecu-

92 1669 155 1706 iiones
178 1667 245 1706 contra
264 1663 383 1705 Olnistianos
405 1669 510 1706 coruinoiae
532 1667 619 1705 dicuntur
641 1667 702 1718 prima
725 1681 737 1706 a
755 1667 839 1707 Traiano

91 1735 191 1784 Edessae,
217 1732 277 1772 altera
295 1732 351 1773 Decii
371 1733 492 1783 temporibus
507 1733 595 1771 Edessae
616 1734 636 1770 et
654 1733 726 1782 Nisibi,
752 1734 809 1773 tertia
828 1747 839 1773 a

77 1799 214 1840 'Diocletiano
231 1798 249 1837 iu
264 1798 350 1849 pluribus
364 1798 519 1849 Mesopotamiae
533 1799 608 1850 oppidis
613 1813 619 1846 3
640 1799 698 1852 atque
710 1799 729 1853 in
741 1802 840 1851 martyro-

66 1918 69 1921 *
92 1867 151 1916 logiis
169 1867 218 1904 satis
239 1865 292 1903 multi
306 1866 425 1904 uornninantur
439 1865 463 1904 ob
478 1865 533 1903 iidem
543 1865 669 1904 Christianam
683 1866 716 1904 illa
731 1866 840 1916 inregione

92 1935 153 1971 morte
176 1930 256 1970 ruudtaii.
272 1920 274 1923 ’
288 1930 415 1970 Monacbatus
439 1930 457 1967 in
473 1928 569 1981 Aegypto
586 1931 610 1970 ab
628 1932 765 1983 Arrionimin
782 1933 841 1983 Syria

92 2000 115 2039 ab
130 1997 228 2037 Hilarione
242 1997 341 2035 institutus
354 1997 389 2035 vix
402 1995 456 2034 ullibi
469 1998 561 2035 terrarum
576 1998 677 2047 tantopere
693 1999 767 2052 floruit,
781 2012 840 2051 quan-

90 2066 159 2117 topere
181 2064 200 2102 in
216 2062 367 2114 Mesopotamia.
399 2061 516 2118 Aegyptus,
535 2062 603 2113 Syria,
625 2061 743 2116 Babylonia,
762 2077 840 2117 quarum

92 2134 164 2180 gentes
177 2131 220 2169 olim
231 2129 360 2168 israelitarum
375 2129 465 2180 populum
481 2129 610 2179 seduxerant,
630 2141 679 2169 nunc
693 2130 804 2179 regularum
820 2134 840 2171 et

91 2196 212 2244 liturgiarum
230 2196 302 2233 semina
321 2195 416 2244 pestilera
436 2196 455 2233 in
475 2196 539 2234 orbem
555 2194 683 2235 Christianum
701 2195 841 2248 disperserunt,

61 2289 64 2293 -
92 2260 151 2313 Apud
169 2260 272 2311 Edessam,
294 2260 380 2311 Nisibin,
404 2261 499 2312 Carrhas,
518 2263 537 2300 in
556 2264 597 2301 toto
613 2261 685 2301 deorum
700 2261 841 2313 Mesopotamia

73 2327 76 2331 ’
92 2330 113 2367 et
120 2326 201 2365 Perside
215 2326 334 2376 prionasteria
347 2327 427 2376 plurima
442 2329 542 2366 exstructa
557 2330 608 2366 sunt.
635 2327 657 2365 ln
670 2329 841 2369 exercitationibus

92 2394 142 2444 illis,
167 2404 215 2443 quae
237 2391 258 2429 ut
276 2387 361 2430 naturam
381 2390 480 2429 humanam
499 2392 551 2430 nihili
571 2393 652 2441 iaciunt,
673 2394 765 2443 protervo
783 2390 841 2447 leges

37 2490 39 2493 .
92 2463 146 2514 ipsas
160 2459 235 2500 divinas
250 2460 354 2510 spernunt,
367 2457 385 2497 in
400 2456 499 2509 zelotypia
512 2458 545 2497 illa
561 2460 581 2497 ct
596 2458 673 2509 exitiali
684 2467 746 2499 renim
760 2464 854 2515 stupea--

160 2650 178 2695 1)
189 2650 249 2685 Manes
258 2650 463 2694 nonnunquamCubriuus
473 2635 574 2694 appellatur,
585 2649 630 2696 quod
638 2654 663 2686 ita
671 2653 765 2697 explicant:
777 2646 840 2704 blm

92 2751 132 2782 ras,
148 2738 194 2785 quod
210 2740 232 2772 sit
246 2728 298 2784 ἰοί)
309 2727 372 2786 lain
384 2746 414 2772 vas
426 2746 502 2785 vacuum.
514 2757 536 2763 ψ
558 2736 583 2773 De
594 2737 678 2775 Archelao
692 2738 792 2776 Casoarensi
801 2743 840 2779 vida

91 2810 201 2844 assemanum
213 2805 261 2841 rom.
274 2803 287 2838 l.
299 2814 315 2847 p.
327 2805 363 2840 555.
