1786 3062
93 138 148 210 sou

98 283 138 323 sius
158 280 243 335 qnidam,
266 280 370 321 Biblicrum
389 281 488 320 corrector
507 282 527 320 et
541 281 663 328 almona-3
683 281 790 321 statuamus
804 278 846 327 igi-

99 353 140 398 tur⁷
163 340 316 399 postremitati
335 348 396 387 tuisse
410 347 460 392 inter
474 344 570 386 lacohitas
584 359 600 386 s.
615 347 723 387 Maronitas
737 346 791 385 viros
807 345 846 384 cri·
892 365 893 368 =

99 415 148 454 ticos
172 414 361 468 ct‘granrmatieos,
385 414 416 466 qni
435 413 510 451 textum
531 412 629 463 Siuuplieis
648 414 764 453 adornarunt
779 412 847 462 talem,
891 417 893 432 ³

98 481 117 517 in
135 486 172 530 qno
184 477 265 519 Nomina
284 483 363 534 propria
379 479 404 518 ad
419 479 526 518 versionem
543 477 679 519 Oltarhlensem
696 479 848 529 emendarentur,
868 482 870 487 ’
892 497 893 501 =

78 567 79 571 =
97 557 157 598 porro
171 548 270 599 puructatio
288 547 368 589 Graecis
386 545 487 586 rccatihns
502 544 554 584 iacta
570 546 664 584 sermonis
677 547 772 586 lindesseni
785 547 848 585 ratio-

99 624 142 652 nem
161 615 184 657 et
193 614 306 672 recentioris
322 613 460 664 granumaticae
474 611 554 661 regulas
569 603 695 665 sequeretur,
714 613 795 665 detriqne
811 604 849 651 va-

100 680 170 719 riorum
194 679 278 718 codicum
301 681 368 720 variae
391 679 486 719 lectiones
510 679 649 734 conferrentur.
684 679 739 719 llaec
761 679 849 718 recensio

100 745 246 796 Karhaphensis
264 746 315 786 dicta
334 739 412 795 integra
432 756 470 783 non
488 743 539 794 legit
540 755 562 782 nr
566 735 742 795 ,sedsnpcrstes
757 755 801 782 esse
816 745 849 781 vi-

101 811 178 850 detur*
173 810 297 851 rnPsalterio
312 810 437 863 peutaglotto
446 809 551 849 Barherino
561 808 591 869 ¹J;
605 810 673 850 deinde
687 812 770 873 excerp
771 821 782 848 a
795 810 850 848 eius-

102 876 145 916 dem
165 877 258 926 leguntur
276 878 295 916 in
311 876 416 933 codicibus
434 887 520 927 snpra
507 876 597 916 laudatis
626 876 691 916 David
704 876 762 926 enim,
781 887 850 915 rutena-

103 942 150 982 clauus
168 942 279 982 monasterii
296 943 320 984 S
341 930 431 985 Aaron
425 954 444 982 nu
457 943 530 992 Sigara
548 944 611 983 monte
627 955 654 983 ex
670 943 783 983 recensione
798 940 850 980 llar-

103 1009 196 1061 haphensi
210 1001 291 1049 corttnlit
304 1013 324 1050 et
338 1011 446 1061 corrrposuit
460 1020 522 1048 voces
538 1022 613 1059 orurues,
629 1010 648 1047 in
664 1020 741 1059 qiuarnm
755 1010 851 1058 scriptura

104 1078 125 1115 et
141 1076 266 1128 pernotatione
283 1075 317 1114 illa
335 1087 346 1114 a
363 1074 460 1126 Sinrplicis
479 1075 535 1112 textu
554 1074 636 1124 rrrlgato
656 1073 768 1125 recederet,
788 1073 815 1113 ita
832 1075 852 1114 ut

45 1171 51 1178 ,
99 1142 122 1181 'in
135 1141 221 1193 margine
235 1131 300 1180 varias
315 1141 410 1182 lectiones
424 1138 521 1192 Simplicis
534 1141 663 1192 potissimum,
676 1140 710 1179 sed
727 1141 782 1180 etiam
797 1141 852 1189 neus.
879 1147 883 1150 “

102 1194 179 1249 Philon.
199 1209 220 1246 et
234 1207 314 1247 Clrarhl.
329 1220 365 1248 nec
383 1218 421 1245 non
439 1207 535 1245 variorum
554 1208 640 1247 codicum
655 1206 751 1245 lectiones
771 1202 854 1247 variam,

103 1285 134 1328 tes
152 1278 265 1336 notaret²J
296 1283 341 1335 lpse
359 1285 378 1323 in
398 1282 506 1336 epigraphe
520 1284 584 1323 ntonet
599 1283 617 1322 id
637 1283 708 1323 lactum
727 1292 772 1323 esse
790 1280 853 1328 >0:2-

103 1354 205 1416 masona
217 1353 312 1413 tichos
323 1354 377 1409 de&
390 1362 450 1418 ticst
460 1352 497 1407 ck
507 1370 541 1430 ρ)
553 1350 626 1433 thess
636 1345 733 1442 &0th
744 1338 865 1418 liothida

103 1447 117 1485 i,
141 1459 168 1486 es
178 1442 227 1499 asad
245 1445 346 1500 ἀκριβείας
364 1435 500 1499 correctionis,
523 1459 564 1487 cnrn
583 1446 717 1488 collationibus
735 1450 797 1489 antem
814 1453 854 1490 'non

103 1515 171 1566 paucis
191 1512 220 1554 ad'
235 1516 373 1566 perfectionem
391 1509 537 1566 pulchritudinis
557 1526 574 1552 s.
590 1514 710 1554 rectitudinis
726 1514 853 1566 tristissimae.

41 1570 43 1572 ¹
103 1579 159 1620 Haec
174 1580 268 1631 excerpta
283 1593 323 1621 eum
338 1579 417 1620 scholiis
432 1581 514 1630 uraugini
530 1581 624 1632 appositis
638 1580 786 1633 repraesentant
797 1580 853 1620 nohis

103 1645 168 1687 studia
190 1646 258 1688 critica
279 1647 300 1686 et
318 1647 444 1698 graturunatiea
465 1647 483 1686 in
501 1648 556 1686 textu
574 1647 671 1700 Simplicis
690 1647 739 1688 inter
756 1646 853 1688 lacohitas

171 1808 304 1854 1>Psalterinm
319 1811 360 1845 illud
376 1811 499 1854 perangmaum
513 1808 581 1843 exhibet
591 1812 653 1843 terium
665 1809 743 1855 hetlriop.
755 1810 793 1855 Syr.
806 1811 854 1856 tlopt.

104 1864 157 1898 Arata¹
171 1864 239 1898 aeman.
265 1864 327 1898 Versio
339 1864 410 1909 Coptica
426 1863 497 1898 medinm
513 1864 568 1899 locum
579 1866 632 1902 tenet,
647 1866 721 1909 scriptor·
732 1868 789 1899 iurtren
800 1864 854 1910 Syrus

105 1919 158 1953 iuuisse
170 1918 243 1954 vitietur.
265 1917 376 1954 Encellchant
387 1920 435 1965 Syri,
450 1922 469 1953 nt
480 1922 548 1963 saepias
560 1918 641 1962 diximus,
657 1921 753 1966 lamnarum
765 1920 854 1954 nrnltarnm
871 1922 874 1925 ’

105 1975 208 2018 cognitione
230 1973 264 2007 nrt
257 1976 326 2007 toninns
338 1973 385 2008 illari
378 1978 405 2019 tpr
417 1976 434 2008 in
445 1975 549 2008 roorrasterio
561 1977 608 2007 mord
609 1975 623 2007 is
635 1974 683 2009 Sinai
694 1980 729 2010 tres
741 1977 806 2020 roprerit
817 1986 854 2009 mo-

103 2027 168 2062 nachos
191 2029 265 2073 quinque
286 2028 383 2073 linguarum
400 2031 475 2075 pcritzos
501 2026 586 2071 Graecae,
609 2027 690 2074 Latinae,
712 2030 804 2076 Syriacae,
821 2030 853 2065 co-

103 2087 122 2128 pt
123 2085 160 2118 icae
170 2087 188 2118 'et
198 2083 289 2118 Aratrieac

170 2147 277 2192 mecaenas
292 2157 328 2182 snm
345 2150 445 2182 sententiam
456 2147 554 2183 lllhsernani.
577 2144 602 2180 Er
614 2145 740 2182 Bar-Hebraei
751 2150 793 2183 locis
805 2152 854 2195 sequi

106 2201 180 2243 uidetur,
201 2203 288 2236 exstitisse
302 2204 355 2237 iatius
372 2202 471 2248 Scripturae
488 2202 614 2244 recensionem,
628 2200 775 2248 ,Karnapmasnn
788 2204 854 2240 dictam.

104 2255 137 2289 Illa
152 2256 217 2290 trustra
233 2257 312 2301 quaesita
330 2260 361 2293 esi.
389 2257 423 2292 Sed
440 2259 487 2292 illins
504 2260 584 2301 excerpto
600 2267 638 2291 csse
653 2259 732 2294 ridentur
749 2263 855 2295 correctoria

105 2309 157 2351 haec,
172 2309 192 2344 de
204 2305 264 2355 quihus
276 2314 348 2356 agitans·
372 2313 442 2347 Trihuit
452 2313 483 2347 illa
494 2312 596 2347 Assernanns
608 2311 671 2347 laccho
683 2313 784 2355 Edessena¹>
798 2315 854 2351 illise-

104 2375 164 2400 manns
180 2374 201 2399 en
217 2365 309 2409 epigraphe
325 2367 400 2411 probare
416 2367 482 2410 studet,
500 2367 581 2402 Davidem
596 2367 695 2403 rnonaehmn
712 2373 798 2404 auctorem
811 2380 854 2407 esse.

104 2419 177 2466 Legitur
192 2417 259 2464 quidem
270 2418 313 2453 traso
329 2421 422 2465 epigraphe
433 2432 467 2455 notu
478 2415 497 2455 in
508 2422 541 2455 firm
552 2422 607 2454 libelli
619 2424 683 2464 nostri,
701 2423 731 2457 sed
742 2426 795 2459 tot-ius
807 2426 854 2461 codi-

105 2477 139 2517 cis,
159 2478 216 2508 tornea
233 2477 249 2507 et
264 2473 305 2508 milri
320 2473 342 2508 ad
358 2478 437 2519 excerpta
454 2475 484 2509 illa
499 2476 585 2518 respicere
600 2475 672 2509 vidctnr.
700 2476 787 2515 Podandus
801 2482 854 2527 igitur

105 2533 131 2564 est
142 2530 197 2565 David
209 2527 300 2575 raorraehns
319 2531 390 2573 primum
408 2530 504 2574 excerpisso
519 2531 577 2564 uarias
592 2530 674 2565 lectiones
693 2537 797 2571 recensionis
809 2535 853 2571 Kar-

60 2586 62 2593 '
105 2584 166 2628 haph,
188 2584 248 2619 (deinde
270 2584 356 2619 addidisse
371 2586 431 2620 Iacchi
447 2588 531 2619 tractatus
547 2588 598 2629 atquc
613 2586 638 2618 ita
654 2587 715 2624 lihrmn
732 2593 853 2635 composuisse,

106 2640 135 2682 qni
150 2648 207 2673 rernm
222 2641 370 2684 guaorrnaticauum
387 2644 404 2675 ct
419 2641 516 2675 criticarurn
528 2642 577 2686 qnasi
588 2639 678 2675 thesaurus
692 2648 742 2679 essct.
765 2645 824 2681 Multis
837 2647 855 2681 id

104 2692 169 2737 placuit
184 2695 235 2736 atqrue
250 2691 292 2727 haec
308 2699 388 2739 excerpta
403 2705 455 2740 saepe
470 2697 584 2739 trarusscripta
599 2699 647 2737 sunt,
665 2707 714 2741 qurum
726 2702 804 2734 recensio
816 2702 855 2745 ipsa

103 2748 121 2780 in
132 2746 236 2781 ohlivionem
246 2748 318 2782 venerit.
338 2758 343 2767 s

170 2809 190 2855 3)
202 2809 247 2847 ldem
258 2796 358 2847 hacahnhnn
370 2812 434 2858 legitur
446 2815 463 2848 in
475 2811 569 2859 epigraphe
581 2815 666 2850 versionis
679 2815 794 2853 Gluarhlensis·
