1786 3062
744 115 783 156 107

1 243 4 295 J,
15 256 77 309 ssyr.
96 226 184 315 Ohxhh)
199 252 283 302 geruum,
298 252 335 291 tum
351 250 408 303 Syris
421 254 459 293 tum
475 251 572 293 trabibus
587 251 680 292 familiare
690 245 717 303 ¹]-
746 245 783 301 Qui

4 334 79 364 uero
96 322 114 360 in
128 319 165 359 hac
180 320 262 369 regione
275 316 396 376 habitabant,
417 319 501 359 Arabum
517 321 576 359 vitam
591 319 701 368 degebant3
718 309 784 355 terrae

0 398 4 435 j
32 400 77 441 pars
96 397 167 437 magna
185 385 232 425 selis
254 387 309 425 aestu
329 386 424 427 enlnausta
442 388 473 425 est
491 387 512 425 et
530 397 620 436 aquarum
638 374 703 436 inopia
717 383 784 422 similis

2 446 5 481 3
33 455 117 495 deserto.
151 452 204 507 Quae
228 452 331 504 antiquitus
350 453 380 494 hic
400 452 488 493 conditae
506 442 561 501 erant
581 450 639 489 rrrlres
659 450 782 503 Graecorum,

0 509 5 561 f
33 524 54 561 ut
74 520 171 569 Carrhae,
195 518 338 572 Nicephorium,
361 520 457 568 Resaina,
479 518 582 561 insularum
601 518 662 555 instar
680 518 698 556 in
717 530 783 569 campo

34 589 92 627 vasto
108 589 128 627 et
139 576 266 637 longinquo,
277 585 385 626 libertatem
401 585 514 635 tuebantur,
533 585 555 621 ut
569 583 651 622 constat
661 592 687 620 ex
699 583 785 621 nurnnris.

3 673 5 675 r
33 655 108 694 Etenim
127 652 175 692 liaeo
192 653 266 691 orrrrrino
285 653 304 691 in
322 651 465 704 Mesopotamia
482 651 504 689 nt
522 651 541 689 in
554 649 613 700 Syria
632 644 747 689 occidentali
766 649 786 697 et

0 717 2 720 ’
33 719 106 759 Arabia
125 730 186 759 rerum
206 718 289 758 conditio
310 720 361 769 erat,
387 729 436 770 quae
454 711 606 769 hodieque,'ut
624 716 694 768 oppida
713 726 785 765 magna

34 787 120 839 satisque
139 785 209 823 munita
231 796 266 822 suo
279 784 320 822 iure
337 784 501 834 gubernarentur,
520 794 576 835 qurum
591 783 610 822 in
623 783 717 823 urentibus
731 795 785 823 carn-

35 853 105 905 pisque
123 850 207 890 desertis
224 848 329 898 negarier
347 848 465 901 plrylarchae
479 848 562 909 singulis
575 848 680 886 Nomadum
694 848 786 906 gentibus

1 956 2 959 ,
35 917 152 970 imperarent
161 912 188 967 ²).
217 908 376 965 Praeposuerant
397 916 459 953 autern
478 914 522 954 lmio
541 909 696 965 Mesopotamiae
714 915 786 964 angulo

0 984 3 1024 ῗ
35 987 71 1024 ianr
90 984 134 1023 elinr
152 980 218 1020 Partiri
236 993 252 1019 s.
273 980 357 1032 Armenii
376 982 484 1031 satraparn,
512 981 556 1031 qnia
575 980 668 1018 transitus
683 979 793 1030 Euphratis

0 1044 2 1058 ¹
36 1049 66 1088 hic
91 1046 227 1087 custodiendus
247 1048 290 1085 erat
309 1047 329 1084 et
348 1058 402 1086 omne
421 1046 531 1086 Occidentis
550 1046 681 1085 commercium
699 1044 735 1085 hac
754 1047 788 1086 via
809 1055 814 1058 '

37 1114 184 1166 expediebatur.
213 1105 284 1151 liudem
305 1113 329 1152 de
347 1125 406 1152 cansa
424 1113 523 1161 Tigranes
541 1113 622 1162 postea,
645 1111 789 1163 Mesopotamia

37 1182 121 1233 potitus,
142 1176 219 1218 Arabes
239 1179 317 1217 eundem
332 1179 426 1218 inlocum
441 1178 515 1218 incolas
530 1178 596 1228 duxit,
615 1178 682 1229 qaribus
697 1180 720 1217 ad
736 1192 788 1219 com-

37 1247 125 1286 mercium
149 1245 243 1283 uteretur.
274 1231 346 1284 Sedent
370 1244 453 1283 fixerant
474 1244 571 1296 principes
596 1244 614 1283 in
636 1244 683 1284 urbe
702 1245 787 1298 hidessa,

0 1304 2 1307 ’
38 1311 141 1352 Antiochia
165 1309 207 1348 olim
227 1310 289 1361 dicta,
313 1323 324 1351 a
343 1310 427 1352 Seleuco
446 1310 533 1362 condito,
557 1321 606 1363 qnae
625 1310 682 1349 brevi
701 1312 788 1363 tempore

39 1376 169 1429 nragnitudine
189 1375 299 1433 divitiisque
315 1388 433 1429 magnopere
452 1378 509 1416 ancta
528 1379 565 1416 est.
594 1377 643 1429 Quia
657 1389 705 1417 vero
722 1378 789 1418 Parthi

39 1444 151 1494 longissime
165 1442 262 1481 distabant
275 1455 347 1493 resque
360 1442 493 1483 Armeniorum
509 1443 598 1482 turbatae
614 1444 678 1495 erant,
694 1439 789 1483 Os'rlnoeni

39 1521 100 1560 roges
118 1508 148 1546 sui
168 1508 252 1558 ipsorum
271 1509 321 1547 iuris·
332 1510 374 1548 lieri
389 1510 495 1560 coeperunt
504 1506 535 1561 ³),
555 1511 576 1549 et
590 1509 648 1548 medii
662 1509 717 1561 quasi
731 1510 791 1560 positi

40 1576 90 1615 inter
102 1572 185 1613 Parthos
204 1576 224 1614 et
237 1574 344 1626 Romanos,
363 1575 436 1627 pariter
450 1576 470 1613 et
485 1573 617 1619 Gaesareset
628 1564 734 1614 Arsacidas
748 1587 791 1615 me-

41 1642 118 1681 tuentes
131 1641 206 1694 utrique
215 1642 266 1694 parti
275 1641 389 1693 studebant,
404 1642 467 1681 neutri
476 1641 530 1682 fidem
541 1643 658 1695 servabant,
673 1643 792 1695 propensio,

41 1721 74 1748 res
93 1709 166 1758 tanuen,
177 1707 221 1745 'nisi
240 1708 296 1747 aliter
313 1708 392 1748 iusserit
410 1710 529 1761 necessitas,
551 1711 570 1748 in
588 1710 686 1761 imperium
706 1709 792 1750 Partho-

0 1774 1 1777 ’
43 1787 83 1814 rnrn
101 1771 138 1825 [ci.
157 1773 195 1812 Dio
215 1772 238 1814 G.
256 1775 269 1813 l.
287 1774 321 1815 68.
340 1775 363 1814 de
383 1773 476 1827 nogara,
495 1777 531 1828 qui
549 1776 652 1815 Traianum
667 1765 792 1831 excepit)⁴].

43 1842 103 1882 Erant
121 1840 184 1879 autem
208 1841 233 1880 oh'
250 1842 288 1882 leci
305 1842 469 1893 opportunitatem
490 1843 548 1896 atque
562 1843 663 1883 discrimen
676 1855 737 1893 reges
752 1843 793 1883 Os-

45 1908 110 1947 rlroeni
126 1918 164 1946 nen
178 1908 284 1963 'spernendi
298 1908 399 1960 Romanis,
418 1910 438 1947 et
455 1908 501 1960 ‘quia
519 1911 635 1949 oerrrmeatus
653 1910 703 1948 inter
720 1909 794 1948 Antio-

45 1973 104 2015 chiam
122 1975 143 2013 et
158 1971 266 2014 Seleuciam
285 1975 423 2015 comitabantur
432 1971 463 2027 ⁵),
481 1974 553 2016 diuitiis
568 1977 675 2028 opibusque
691 1974 792 2025 splendere

50 2084 178 2091 --..—.

65 2173 66 2176 ¹
112 2158 132 2202 1)
147 2156 171 2192 De
191 2157 258 2192 nomine
277 2155 336 2192 Maeni
352 2157 444 2194 rhrlritntur.
471 2156 547 2202 Baperus
564 2155 668 2191 Mercurium
684 2160 741 2191 monet
756 2157 796 2193 uar-
849 2194 852 2200 ,

47 2236 98 2267 τιμον
120 2220 153 2257 diei
172 2222 258 2266 refertque
277 2232 339 2257 rronnerr
355 2223 377 2257 ad
392 2223 428 2257 rael.
444 2203 493 2263 hac,
513 2221 558 2256 unde
570 2221 633 2256 Manus
645 2224 699 2257 uirum
710 2223 761 2257 talem
773 2226 797 2258 si-

48 2289 125 2333 gnificet,
146 2290 175 2333 qui
191 2292 207 2322 et
223 2287 313 2322 secundino
328 2292 345 2322 et
360 2290 483 2333 negotiationis
498 2291 558 2332 petens
574 2289 601 2321 sit.
629 2287 662 2327 Qui
678 2288 758 2322 Crassum
770 2299 797 2325 se-

48 2343 110 2387 rlnnit,
121 2335 159 2379 erat
170 2342 232 2378 Manus
244 2342 289 2377 Deus
301 2353 334 2377 see.
347 2336 440 2387 ansermi..
459 2341 540 2388 Erpridem
553 2341 640 2377 Persicum
651 2353 712 2378 nomen
723 2343 785 2380 habeo.

75 2404 84 2420 '¹
113 2408 132 2453 2)
148 2407 194 2452 Sept.
214 2407 288 2441 Seuerus
306 2411 359 2441 totum
376 2406 518 2451 Mesopotamiam
535 2407 616 2450 subiecit,
634 2406 664 2441 sed
675 2417 726 2441 arnum
741 2408 799 2443 urbem

49 2460 117 2496 Hatram
129 2464 199 2496 manime
212 2464 292 2496 munitam
304 2463 331 2496 his
344 2463 409 2496 irrrstra
422 2463 494 2497 obsedit.

113 2526 133 2569 3)
144 2525 179 2560 Bar
191 2519 278 2561 Hebraeus
290 2525 377 2560 Parthiam
393 2525 482 2570 diuiditur
493 2530 528 2561 tres
539 2530 609 2571 gentes:
621 2525 692 2568 Persas,
702 2524 800 2568 Armenios,

40 2577 150 2617 'Edessenos

114 2646 135 2689 ll)
147 2644 174 2680 lta
189 2645 277 2681 hrsamum
293 2646 347 2681 tradit
362 2645 421 2681 Moses
437 2644 510 2680 Ghoreu.
523 2645 604 2681 Romanis
619 2635 712 2691 uectigalia
723 2646 801 2686 soluisse,

50 2707 99 2742 quirini
111 2711 141 2735 ren
153 2699 254 2736 Parthorum
265 2702 322 2737 inians
334 2702 390 2737 luerit.

117 2764 136 2810 5)
149 2764 174 2801 Gi.
187 2766 250 2802 Strabo
262 2766 311 2811 XVI,
324 2768 361 2805 747.
385 2766 480 2812 Stephanus
492 2767 532 2813 sz.
545 2779 559 2804 s.
571 2779 587 2804 u.
599 2760 670 2803 Batnae.
