1786 3062
763 101 812 142 71.

46 201 110 265 operis
130 211 218 261 vestigia
237 224 259 251 se
278 212 376 263 reperisse
401 213 504 261 contendit.
532 212 573 267 Qua
590 214 610 253 ln
628 213 759 266 disputatione
778 216 799 254 id
850 245 852 253 .

46 279 120 329 quidem
138 290 176 317 non
195 279 286 318 absonum
302 277 346 317 mibi
359 278 447 331 videtur,
467 280 492 318 ad
506 291 588 318 normam
599 272 716 330 ¹Orig'eniani
730 281 797 332 operis

46 344 78 384 vel
92 344 157 397 potius
172 339 260 386 editionis
275 340 301 385 ex'
315 343 348 385 illc
362 357 373 384 a
385 335 485 397 Pamplnllo
500 346 521 384 et
529 344 613 387 Eusebio
626 347 731 392 adornatae
744 347 797 399 apud

46 412 110 462 Syros
124 423 200 464 quoque
218 412 267 451 tales
285 411 362 452 codices
380 411 499 463 conpositos
513 411 585 464 fuisse,
600 413 668 465 quibus
684 415 795 454 versionum

46 479 152 518 varietates
170 478 246 518 additae
265 481 327 519 erant.
349 478 435 533 Quodsi,
445 477 670 529 Luciauus'rlntioclniae
687 480 746 536 edidit
758 481 794 519 Ri-

45 545 84 587 blia
103 545 206 584 collatione
224 545 309 585 Hebraei
328 548 347 585 et
361 545 409 595 Syri
431 544 535 595 adornata,
554 543 641 585 lldessae
656 545 713 584 facile
729 546 794 585 exsti-

46 611 121 663 terunt,
146 612 178 664 qrri
198 610 231 652 vel
249 611 295 651 illud
313 624 362 665 opus
380 610 469 651 suumin
489 617 542 649 usmn
562 613 673 665 verterent,
691 610 725 652 vel
740 606 796 651 simili

45 679 101 718 modo
117 679 225 718 Hebraeum
234 670 262 717 vct
277 678 370 718 Graecum
390 690 430 717 eum
441 679 529 728 'ipsorum
542 677 625 728 Syriaca
640 679 731 721 versione
746 690 795 717 con-

45 745 124 784 terrent.
151 744 227 784 Utinam
241 744 429 794 bardesanislibrcs
443 745 539 795 inspicere
555 745 610 783 nobis
623 741 703 785 liceret!
725 744 794 797 Neque

46 813 94 851 enim
114 811 232 860 dubitamus,
252 811 295 861 quin
304 810 387 856 saeculo
400 810 437 847 iam
451 810 535 848 secunde
550 804 616 849 versio
630 810 735 850 Bibliorum
751 810 794 861 Sy-

44 878 98 917 riaca
118 875 282 926 blesopotnnrenis
301 875 384 926 probata
397 875 461 913 trienna
490 874 531 914 Sed
544 876 595 913 ultra
610 874 736 927 blphraemum
749 875 794 914 uul-

44 943 74 981 lus
93 942 148 981 uobis
166 941 223 981 adesi
241 942 310 988 lestis3
331 942 391 991 ipsius
411 943 474 981 autem
493 941 612 991 temporibus
625 942 692 980 versic
706 941 795 993 Simplex

46 1008 145 1059 gaudebat
163 1009 289 1058 auctoritate,
317 1019 366 1059 qnae
384 1008 497 1060 antiquitate
516 1019 554 1047 ncn
571 1008 632 1046 narinus
646 1006 703 1060 ‘qnam
717 1010 803 1060 simpli-¹

7 1096 9 1099 -
45 1073 104 1116 citate
121 1072 252 1115 corrnnrrendata
267 1077 316 1114 erat.
343 1074 399 1128 erod
412 1077 475 1114 anatem
488 1075 512 1113 de
525 1074 550 1113 V.
564 1074 589 1113 Τ,
602 1074 672 1114 dictum
686 1075 804 1134 est,.idcm‘p

45 1143 69 1180 de
87 1142 111 1179 N.
130 1141 154 1180 Τ.
173 1143 195 1181 ut
213 1140 328 1192 accipiamus
346 1152 417 1180 causae
435 1134 565 1194 gravissimae
583 1140 641 1181 facilc
658 1142 726 1194 cuique
745 1152 794 1193 per·
800 1132 805 1191 J

42 1207 158 1248 'suadebunt

332 1432 333 1435 ,
369 1398 425 1441 (tna,
440 1396 473 1440 IV.

81 1499 196 1542 Graecae
212 1505 236 1539 et
249 1497 383 1553 Syriacae
398 1486 507 1552 liuguae
522 1494 547 1540 in
561 1505 671 1555 utraque
685 1498 762 1554 Syria

335 1572 506 1615 consuetudo.
568 1575 574 1636 s

112 1674 233 1715 Renuntiatis
250 1673 349 1725 suffragiis
368 1674 446 1715 Patrum
465 1675 649 1729 antiquissimorum,
671 1677 702 1730 qui
716 1677 796 1731 versio-

47 1746 76 1783 nis
91 1744 187 1794 Syriacae
205 1744 267 1783 testes
285 1743 392 1794 exstitere,
415 1745 458 1795 ipsa
477 1745 514 1783 iam
534 1755 596 1783 rerum
610 1744 660 1784 ratio
677 1746 697 1785 ct
712 1755 796 1784 consuc-

47 1809 105 1861 tudo,
124 1809 169 1861 quid
188 1808 243 1848 nobis
258 1808 345 1848 divinare
360 1808 442 1848 suadeat
456 1808 480 1848 de
493 1810 588 1849 versionis
603 1810 698 1862 Syriacae
713 1812 808 1861 origine,

49 1877 162 1927 occasione,
185 1877 258 1927 patria,
283 1876 384 1925 decarpere,
406 1878 513 1916 accuratius
532 1876 642 1926 indaganda
662 1879 699 1930 est.
724 1875 798 1930 Ἑρμη-

32 1946 100 1990 ’νείας
110 1944 139 1998 ,et
155 1943 263 1982 necessitas
282 1943 303 1980 et
320 1941 420 1993 disciplina
435 1945 506 1996 quanta
523 1943 583 1984 fuerit
594 1944 632 1983 illis
648 1945 765 1997 ternporlbus
779 1944 798 1983 in

49 2011 121 2061 Syriae
135 2010 203 2049 fiinibus
221 2009 339 2049 notissimum
357 2010 394 2048 est.
420 2009 522 2048 Ecclesiae
538 2009 659 2049 Christianae
675 2011 700 2048 ad
714 2022 797 2050 normam

49 2087 197 2127 synagogarum
211 2075 316 2115 instructae
332 2075 383 2113 sunt.
410 2073 431 2112 ln
448 2074 560 2124 synagogis
575 2075 638 2114 autem
652 2075 750 2127 proprium
763 2075 800 2114 fnit

49 2142 160 2195 interpretis
169 2139 268 2198 [panemo]
283 2128 363 2192 ‘ordinum
384 2139 407 2178 de
421 2151 459 2193 qno
474 2140 601 2182 blaimnnides
615 2153 645 2194 „a
657 2141 724 2182 diebus
737 2142 799 2183 llsrae

49 2211 106 2249 nonoris
119 2210 166 2260 fuit,
176 2211 202 2259 nt
215 2209 294 2247 adesset
306 2207 415 2258 interpres,
431 2207 464 2259 quii
473 2207 548 2259 populo
558 2210 666 2260 exponeret
676 2209 728 2261 quod
737 2209 800 2248 lector·

50 2277 136 2326 exlege
156 2274 297 2327 praelegebat,
315 2275 337 2314 ut
350 2274 464 2314 sententiam
479 2274 582 2315 verborum
595 2274 742 2327 perciperent.“
769 2275 800 2315 De

50 2344 125 2383 ratione
145 2341 308 2393 interpretationis
330 2341 480 2393 disputaverunt
498 2340 573 2393 qrnidem
588 2341 626 2381 viri
640 2341 703 2389 docti3
719 2341 800 2380 'l'almu-

51 2411 112 2450 distas
131 2410 179 2449 enim
199 2408 286 2460 sequitur
307 2408 431 2459 Bnrxtorfius,
452 2420 478 2446 ex
496 2407 578 2460 utroque
594 2407 688 2448 'Palmude
701 2406 801 2461 (Tiberias

50 2477 65 2516 l.
84 2476 100 2516 Ι.
123 2490 139 2516 c.
156 2473 188 2529 8.)
212 2475 237 2514 ad
255 2474 304 2514 Neb.
322 2473 382 2527 VIll,
401 2472 433 2514 16.
456 2473 573 2525 observans,
596 2473 672 2514 levitis
694 2476 801 2526 noposiuoo
822 2504 848 2518 ,.

51 2544 124 2594 luisse,
145 2544 168 2584 ut
188 2541 262 2582 textum
275 2540 385 2581 Hebraeum
398 2541 417 2580 in
432 2538 549 2580 Chaldaeum
564 2541 712 2592 converterent,
732 2541 752 2580 et
767 2552 802 2580 ac-

52 2612 130 2660 centus,
144 2612 182 2661 tum
198 2609 230 2661 qui
244 2608 267 2647 ad
283 2608 416 2647 innoderandam
428 2606 530 2645 lectionem
546 2608 585 2646 tum
600 2608 632 2659 qui
647 2606 802 2656 addistinguen-

48 2675 88 2718 ,das
103 2675 209 2715 sententias
223 2676 306 2726 faciunt,
326 2675 452 2727 apponerent.
480 2673 582 2724 Altiugins
599 2684 647 2713 vero
665 2671 700 2726 [de
714 2674 804 2713 versione

54 2742 168 2793 Scripturne
183 2755 199 2785 a
215 2742 242 2797 1.]
257 2752 337 2793 eunnnqne
351 2741 430 2782 secutus
443 2738 535 2790 Vitringa
543 2738 578 2793 (de
587 2752 659 2792 synag.
670 2752 691 2779 v.
700 2740 714 2780 l.
725 2738 744 2780 3,
755 2750 803 2791 pag.
854 2739 857 2745 “
