<?xml version="1.0" encoding="UTF-8"?>
<!DOCTYPE html PUBLIC "-//W3C//DTD XHTML 1.0 Transitional//EN"
    "http://www.w3.org/TR/xhtml1/DTD/xhtml1-transitional.dtd">
<html xmlns="http://www.w3.org/1999/xhtml" xml:lang="en" lang="en">
 <head>
  <title>
</title>
<meta http-equiv="Content-Type" content="text/html;charset=utf-8" />
  <meta name='ocr-system' content='tesseract 3.04.00' />
  <meta name='ocr-capabilities' content='ocr_page ocr_carea ocr_par ocr_line ocrx_word'/>
</head>
<body>
  <div class='ocr_page' id='page_1' title='image "MN41905ucmf_0_0186.png"; bbox 0 0 1786 3062; ppageno 0'>
   <div class='ocr_carea' id='block_1_1' title="bbox 59 149 102 192">
    <p class='ocr_par' dir='ltr' id='par_1_1' title="bbox 59 149 102 192">
     <span class='ocr_line' id='line_1_1' title="bbox 59 149 102 192; baseline -0.023 0"><span class='ocrx_word' id='word_1_1' title='bbox 59 149 102 192; x_wconf 69' lang='lat' dir='ltr'><strong>152v</strong></span> 
     </span>
    </p>
   </div>
   <div class='ocr_carea' id='block_1_2' title="bbox 13 255 892 1502">
    <p class='ocr_par' dir='ltr' id='par_1_2' title="bbox 13 255 892 1502">
     <span class='ocr_line' id='line_1_2' title="bbox 63 255 812 314; baseline -0.012 -11"><span class='ocrx_word' id='word_1_2' title='bbox 63 262 138 303; x_wconf 84' lang='lat' dir='ltr'><strong>Graeco</strong></span> <span class='ocrx_word' id='word_1_3' title='bbox 148 260 209 301; x_wconf 85' lang='lat' dir='ltr'><strong>Biblia</strong></span> <span class='ocrx_word' id='word_1_4' title='bbox 222 258 318 310; x_wconf 76' lang='lat' dir='ltr'><strong>traduxit,</strong></span> <span class='ocrx_word' id='word_1_5' title='bbox 332 258 409 298; x_wconf 86' lang='lat' dir='ltr'><strong>luerunt</strong></span> <span class='ocrx_word' id='word_1_6' title='bbox 421 261 494 313; x_wconf 82' lang='lat' dir='ltr'><strong>tanuen,</strong></span> <span class='ocrx_word' id='word_1_7' title='bbox 509 260 542 314; x_wconf 84' lang='lat' dir='ltr'><strong>qui</strong></span> <span class='ocrx_word' id='word_1_8' title='bbox 551 258 683 300; x_wconf 74' lang='lat' dir='ltr'><strong>Armeniorum</strong></span> <span class='ocrx_word' id='word_1_9' title='bbox 693 255 812 309; x_wconf 83' lang='lat' dir='ltr'><strong>Scriptorum</strong></span> 
     </span>
     <span class='ocr_line' id='line_1_3' title="bbox 63 321 813 379; baseline -0.012 -9"><span class='ocrx_word' id='word_1_10' title='bbox 63 331 87 370; x_wconf 89' lang='lat' dir='ltr'><strong>ad</strong></span> <span class='ocrx_word' id='word_1_11' title='bbox 97 329 197 379; x_wconf 75' lang='lat' dir='ltr'><strong>Syriacam</strong></span> <span class='ocrx_word' id='word_1_12' title='bbox 212 326 348 366; x_wconf 77' lang='lat' dir='ltr'><strong>conformatam</strong></span> <span class='ocrx_word' id='word_1_13' title='bbox 362 321 407 364; x_wconf 88' lang='lat' dir='ltr'><strong>esse</strong></span> <span class='ocrx_word' id='word_1_14' title='bbox 420 327 511 377; x_wconf 83' lang='lat' dir='ltr'><strong>putarent</strong></span> <span class='ocrx_word' id='word_1_15' title='bbox 520 323 547 379; x_wconf 59' lang='grc'><strong>4).</strong></span> <span class='ocrx_word' id='word_1_16' title='bbox 557 328 559 330; x_wconf 77' lang='grc'>’</span> <span class='ocrx_word' id='word_1_17' title='bbox 573 325 632 378; x_wconf 85' lang='lat' dir='ltr'><strong>Apud</strong></span> <span class='ocrx_word' id='word_1_18' title='bbox 642 324 714 364; x_wconf 82' lang='lat' dir='ltr'><strong>Persas</strong></span> <span class='ocrx_word' id='word_1_19' title='bbox 724 321 813 373; x_wconf 74' lang='lat' dir='ltr'><strong>linguam</strong></span> 
     </span>
     <span class='ocr_line' id='line_1_4' title="bbox 63 389 889 445; baseline -0.001 -14"><span class='ocrx_word' id='word_1_20' title='bbox 63 393 163 445; x_wconf 76' lang='lat' dir='ltr'><strong>Syriacam</strong></span> <span class='ocrx_word' id='word_1_21' title='bbox 177 405 249 433; x_wconf 90' lang='lat' dir='ltr'><strong>summo</strong></span> <span class='ocrx_word' id='word_1_22' title='bbox 263 393 281 433; x_wconf 91' lang='lat' dir='ltr'><strong>iu</strong></span> <span class='ocrx_word' id='word_1_23' title='bbox 292 390 365 431; x_wconf 90' lang='lat' dir='ltr'><strong>lronore</strong></span> <span class='ocrx_word' id='word_1_24' title='bbox 379 391 451 442; x_wconf 83' lang='lat' dir='ltr'><strong>fuisse,</strong></span> <span class='ocrx_word' id='word_1_25' title='bbox 465 390 567 430; x_wconf 78' lang='lat' dir='ltr'><strong>Persarum</strong></span> <span class='ocrx_word' id='word_1_26' title='bbox 581 393 662 433; x_wconf 85' lang='lat' dir='ltr'><strong>iuvenes</strong></span> <span class='ocrx_word' id='word_1_27' title='bbox 674 389 758 431; x_wconf 85' lang='lat' dir='ltr'><strong>scholam</strong></span> <span class='ocrx_word' id='word_1_28' title='bbox 770 389 813 441; x_wconf 79' lang='lat' dir='ltr'><strong>Sy·</strong></span> <span class='ocrx_word' id='word_1_29' title='bbox 887 432 889 434; x_wconf 5' lang='lat' dir='ltr'><strong>a</strong></span> 
     </span>
     <span class='ocr_line' id='line_1_5' title="bbox 63 456 892 516; baseline -0.008 -16"><span class='ocrx_word' id='word_1_30' title='bbox 63 472 127 503; x_wconf 88' lang='lat' dir='ltr'><strong>rorum</strong></span> <span class='ocrx_word' id='word_1_31' title='bbox 152 459 270 516; x_wconf 76' lang='lat' dir='ltr'><strong>lldcssernarra</strong></span> <span class='ocrx_word' id='word_1_32' title='bbox 293 459 440 510; x_wconf 80' lang='lat' dir='ltr'><strong>frequentasse,</strong></span> <span class='ocrx_word' id='word_1_33' title='bbox 470 458 533 507; x_wconf 82' lang='lat' dir='ltr'><strong>Syros</strong></span> <span class='ocrx_word' id='word_1_34' title='bbox 554 470 629 510; x_wconf 74' lang='lat' dir='ltr'><strong>uinoque</strong></span> <span class='ocrx_word' id='word_1_35' title='bbox 652 458 756 510; x_wconf 81' lang='lat' dir='ltr'><strong>plurimos,</strong></span> <span class='ocrx_word' id='word_1_36' title='bbox 782 456 832 507; x_wconf 65' lang='lat' dir='ltr'><strong>qni¹</strong></span> <span class='ocrx_word' id='word_1_37' title='bbox 890 466 892 476; x_wconf 62' lang='lat'>²</span> 
     </span>
     <span class='ocr_line' id='line_1_6' title="bbox 13 522 814 580; baseline -0.006 -14"><span class='ocrx_word' id='word_1_38' title='bbox 13 558 15 560; x_wconf 44' lang='lat'>&gt;</span> <span class='ocrx_word' id='word_1_39' title='bbox 63 526 174 568; x_wconf 87' lang='lat' dir='ltr'><strong>Nestoriaui</strong></span> <span class='ocrx_word' id='word_1_40' title='bbox 188 527 276 580; x_wconf 85' lang='lat' dir='ltr'><strong>partibus</strong></span> <span class='ocrx_word' id='word_1_41' title='bbox 290 525 396 576; x_wconf 75' lang='lat' dir='ltr'><strong>favebant,</strong></span> <span class='ocrx_word' id='word_1_42' title='bbox 415 524 433 562; x_wconf 94' lang='lat' dir='ltr'><strong>iu</strong></span> <span class='ocrx_word' id='word_1_43' title='bbox 446 522 544 563; x_wconf 78' lang='lat' dir='ltr'><strong>Persidem</strong></span> <span class='ocrx_word' id='word_1_44' title='bbox 556 523 658 574; x_wconf 76' lang='lat' dir='ltr'><strong>relegatos</strong></span> <span class='ocrx_word' id='word_1_45' title='bbox 672 525 764 576; x_wconf 80' lang='lat' dir='ltr'><strong>Syrorum</strong></span> <span class='ocrx_word' id='word_1_46' title='bbox 779 523 814 562; x_wconf 80' lang='lat' dir='ltr'><strong>lit-</strong></span> 
     </span>
     <span class='ocr_line' id='line_1_7' title="bbox 64 583 815 640; baseline -0.009 -6"><span class='ocrx_word' id='word_1_47' title='bbox 64 597 118 634; x_wconf 80' lang='lat' dir='ltr'><strong>toras</strong></span> <span class='ocrx_word' id='word_1_48' title='bbox 133 595 157 635; x_wconf 81' lang='lat' dir='ltr'><strong>in</strong></span> <span class='ocrx_word' id='word_1_49' title='bbox 170 592 308 634; x_wconf 79' lang='lat' dir='ltr'><strong>minutissimas</strong></span> <span class='ocrx_word' id='word_1_50' title='bbox 323 590 385 631; x_wconf 88' lang='lat' dir='ltr'><strong>Asiae</strong></span> <span class='ocrx_word' id='word_1_51' title='bbox 400 592 463 631; x_wconf 88' lang='lat' dir='ltr'><strong>terras</strong></span> <span class='ocrx_word' id='word_1_52' title='bbox 477 583 612 640; x_wconf 68' lang='lat' dir='ltr'><strong>propagasse,</strong></span> <span class='ocrx_word' id='word_1_53' title='bbox 632 591 815 640; x_wconf 78' lang='lat' dir='ltr'><strong>supramonuimns.</strong></span> 
     </span>
     <span class='ocr_line' id='line_1_8' title="bbox 64 654 817 709; baseline -0.001 -11"><span class='ocrx_word' id='word_1_54' title='bbox 64 659 215 709; x_wconf 78' lang='lat' dir='ltr'><strong>Evangeliornm</strong></span> <span class='ocrx_word' id='word_1_55' title='bbox 237 657 302 696; x_wconf 88' lang='lat' dir='ltr'><strong>versio</strong></span> <span class='ocrx_word' id='word_1_56' title='bbox 319 657 398 697; x_wconf 85' lang='lat' dir='ltr'><strong>Persica</strong></span> <span class='ocrx_word' id='word_1_57' title='bbox 412 654 508 705; x_wconf 73' lang='lat' dir='ltr'><strong>simplidis</strong></span> <span class='ocrx_word' id='word_1_58' title='bbox 528 654 566 693; x_wconf 85' lang='lat' dir='ltr'><strong>lilia</strong></span> <span class='ocrx_word' id='word_1_59' title='bbox 580 657 621 708; x_wconf 80' lang='lat' dir='ltr'><strong>est,</strong></span> <span class='ocrx_word' id='word_1_60' title='bbox 640 656 718 707; x_wconf 84' lang='lat' dir='ltr'><strong>etipsa</strong></span> <span class='ocrx_word' id='word_1_61' title='bbox 733 654 817 706; x_wconf 75' lang='lat' dir='ltr'><strong>Syriaca</strong></span> 
     </span>
     <span class='ocr_line' id='line_1_9' title="bbox 65 720 820 774; baseline -0.008 -10"><span class='ocrx_word' id='word_1_62' title='bbox 65 726 131 764; x_wconf 72' lang='lat' dir='ltr'><strong>versio</strong></span> <span class='ocrx_word' id='word_1_63' title='bbox 149 725 168 763; x_wconf 92' lang='lat' dir='ltr'><strong>in</strong></span> <span class='ocrx_word' id='word_1_64' title='bbox 186 722 272 774; x_wconf 84' lang='lat' dir='ltr'><strong>Arabia,</strong></span> <span class='ocrx_word' id='word_1_65' title='bbox 295 723 315 761; x_wconf 91' lang='lat' dir='ltr'><strong>in</strong></span> <span class='ocrx_word' id='word_1_66' title='bbox 333 721 411 773; x_wconf 85' lang='lat' dir='ltr'><strong>insulis,</strong></span> <span class='ocrx_word' id='word_1_67' title='bbox 437 722 456 761; x_wconf 91' lang='lat' dir='ltr'><strong>in</strong></span> <span class='ocrx_word' id='word_1_68' title='bbox 473 720 527 760; x_wconf 91' lang='lat' dir='ltr'><strong>ludia</strong></span> <span class='ocrx_word' id='word_1_69' title='bbox 545 721 622 772; x_wconf 85' lang='lat' dir='ltr'><strong>publico</strong></span> <span class='ocrx_word' id='word_1_70' title='bbox 640 721 764 761; x_wconf 87' lang='lat' dir='ltr'><strong>ecelesiarum</strong></span> <span class='ocrx_word' id='word_1_71' title='bbox 781 721 820 759; x_wconf 81' lang='lat' dir='ltr'><strong>usn&#39;</strong></span> 
     </span>
     <span class='ocr_line' id='line_1_10' title="bbox 66 782 850 846; baseline -0.006 -16"><span class='ocrx_word' id='word_1_72' title='bbox 66 790 151 830; x_wconf 88' lang='lat' dir='ltr'><strong>adbibita</strong></span> <span class='ocrx_word' id='word_1_73' title='bbox 164 791 202 830; x_wconf 82' lang='lat' dir='ltr'><strong>est.</strong></span> <span class='ocrx_word' id='word_1_74' title='bbox 230 788 308 829; x_wconf 84' lang='lat' dir='ltr'><strong>Postea</strong></span> <span class='ocrx_word' id='word_1_75' title='bbox 317 788 338 826; x_wconf 86' lang='lat' dir='ltr'><strong>el</strong></span> <span class='ocrx_word' id='word_1_76' title='bbox 352 787 437 827; x_wconf 86' lang='lat' dir='ltr'><strong>Arabica</strong></span> <span class='ocrx_word' id='word_1_77' title='bbox 454 787 521 826; x_wconf 84' lang='lat' dir='ltr'><strong>versio</strong></span> <span class='ocrx_word' id='word_1_78' title='bbox 531 782 551 839; x_wconf 74' lang='lat'><strong>²)</strong></span> <span class='ocrx_word' id='word_1_79' title='bbox 569 787 621 827; x_wconf 87' lang='lat' dir='ltr'><strong>lacta</strong></span> <span class='ocrx_word' id='word_1_80' title='bbox 636 789 667 827; x_wconf 86' lang='lat' dir='ltr'><strong>est</strong></span> <span class='ocrx_word' id='word_1_81' title='bbox 681 799 708 826; x_wconf 90' lang='lat' dir='ltr'><strong>ex</strong></span> <span class='ocrx_word' id='word_1_82' title='bbox 722 786 817 838; x_wconf 61' lang='lat' dir='ltr'><strong>Syriaca}</strong></span> <span class='ocrx_word' id='word_1_83' title='bbox 848 840 850 846; x_wconf 30' lang='grc' dir='ltr'>Ι</span> 
     </span>
     <span class='ocr_line' id='line_1_11' title="bbox 64 851 818 907; baseline 0 -13"><span class='ocrx_word' id='word_1_84' title='bbox 64 855 340 907; x_wconf 66' lang='lat' dir='ltr'><strong>Nestorianorum&#39;episoopus</strong></span> <span class='ocrx_word' id='word_1_85' title='bbox 352 853 430 906; x_wconf 81' lang='lat' dir='ltr'><strong>quidam·</strong></span> <span class='ocrx_word' id='word_1_86' title='bbox 439 852 462 893; x_wconf 88' lang='lat' dir='ltr'><strong>ab</strong></span> <span class='ocrx_word' id='word_1_87' title='bbox 471 853 514 905; x_wconf 83' lang='lat' dir='ltr'><strong>ipso</strong></span> <span class='ocrx_word' id='word_1_88' title='bbox 523 851 616 905; x_wconf 78' lang='lat' dir='ltr'><strong>Clraliplm</strong></span> <span class='ocrx_word' id='word_1_89' title='bbox 624 853 687 893; x_wconf 86' lang='lat' dir='ltr'><strong>iussus</strong></span> <span class='ocrx_word' id='word_1_90' title='bbox 700 854 731 893; x_wconf 92' lang='lat' dir='ltr'><strong>est</strong></span> <span class='ocrx_word' id='word_1_91' title='bbox 739 855 818 895; x_wconf 82' lang='lat' dir='ltr'><strong>vertere</strong></span> 
     </span>
     <span class='ocr_line' id='line_1_12' title="bbox 68 918 819 977; baseline -0.005 -15"><span class='ocrx_word' id='word_1_92' title='bbox 68 921 188 973; x_wconf 78' lang='lat' dir='ltr'><strong>Scriptorum</strong></span> <span class='ocrx_word' id='word_1_93' title='bbox 207 922 227 960; x_wconf 94' lang='lat' dir='ltr'><strong>in</strong></span> <span class='ocrx_word' id='word_1_94' title='bbox 240 920 326 970; x_wconf 83' lang='lat' dir='ltr'><strong>linguam</strong></span> <span class='ocrx_word' id='word_1_95' title='bbox 341 920 488 961; x_wconf 81' lang='lat' dir='ltr'><strong>Saracenorum.</strong></span> <span class='ocrx_word' id='word_1_96' title='bbox 515 918 537 958; x_wconf 93' lang='lat' dir='ltr'><strong>ln</strong></span> <span class='ocrx_word' id='word_1_97' title='bbox 551 918 610 970; x_wconf 81' lang='lat' dir='ltr'><strong>Syria</strong></span> <span class='ocrx_word' id='word_1_98' title='bbox 625 920 738 977; x_wconf 86' lang='lat' dir='ltr'><strong>occidentali</strong></span> <span class='ocrx_word' id='word_1_99' title='bbox 751 920 819 970; x_wconf 77' lang='lat' dir='ltr'><strong>lingua</strong></span> 
     </span>
     <span class='ocr_line' id='line_1_13' title="bbox 68 985 819 1038; baseline 0.001 -12"><span class='ocrx_word' id='word_1_100' title='bbox 68 986 150 1027; x_wconf 81' lang='lat' dir='ltr'><strong>Graeca</strong></span> <span class='ocrx_word' id='word_1_101' title='bbox 162 987 252 1038; x_wconf 76' lang='lat' dir='ltr'><strong>vulgaris</strong></span> <span class='ocrx_word' id='word_1_102' title='bbox 271 988 325 1034; x_wconf 80' lang='lat' dir='ltr'><strong>erat3</strong></span> <span class='ocrx_word' id='word_1_103' title='bbox 343 985 378 1025; x_wconf 82' lang='lat' dir='ltr'><strong>sed</strong></span> <span class='ocrx_word' id='word_1_104' title='bbox 390 985 475 1025; x_wconf 88' lang='lat' dir='ltr'><strong>monacbi</strong></span> <span class='ocrx_word' id='word_1_105' title='bbox 490 988 590 1037; x_wconf 77' lang='lat' dir='ltr'><strong>postquam</strong></span> <span class='ocrx_word' id='word_1_106' title='bbox 605 986 628 1024; x_wconf 86' lang='lat' dir='ltr'><strong>ad</strong></span> <span class='ocrx_word' id='word_1_107' title='bbox 643 986 697 1024; x_wconf 85' lang='lat' dir='ltr'><strong>tidem</strong></span> <span class='ocrx_word' id='word_1_108' title='bbox 712 986 768 1027; x_wconf 87' lang='lat' dir='ltr'><strong>etiam</strong></span> <span class='ocrx_word' id='word_1_109' title='bbox 782 986 819 1027; x_wconf 82' lang='lat' dir='ltr'><strong>lno-</strong></span> 
     </span>
     <span class='ocr_line' id='line_1_14' title="bbox 62 1046 819 1106; baseline 0 -13"><span class='ocrx_word' id='word_1_110' title='bbox 62 1055 129 1106; x_wconf 87' lang='lat' dir='ltr'><strong>nrines</strong></span> <span class='ocrx_word' id='word_1_111' title='bbox 145 1055 249 1105; x_wconf 79' lang='lat' dir='ltr'><strong>agrestes,</strong></span> <span class='ocrx_word' id='word_1_112' title='bbox 264 1065 329 1104; x_wconf 77' lang='lat' dir='ltr'><strong>pagos</strong></span> <span class='ocrx_word' id='word_1_113' title='bbox 345 1052 365 1091; x_wconf 83' lang='lat' dir='ltr'><strong>ei</strong></span> <span class='ocrx_word' id='word_1_114' title='bbox 379 1053 434 1092; x_wconf 85' lang='lat' dir='ltr'><strong>vicos</strong></span> <span class='ocrx_word' id='word_1_115' title='bbox 448 1053 585 1092; x_wconf 87' lang='lat' dir='ltr'><strong>converterunt</strong></span> <span class='ocrx_word' id='word_1_116' title='bbox 598 1054 619 1091; x_wconf 88' lang='lat' dir='ltr'><strong>et</strong></span> <span class='ocrx_word' id='word_1_117' title='bbox 633 1053 651 1091; x_wconf 92' lang='lat' dir='ltr'><strong>in</strong></span> <span class='ocrx_word' id='word_1_118' title='bbox 666 1046 749 1093; x_wconf 81' lang='lat' dir='ltr'><strong>desertis</strong></span> <span class='ocrx_word' id='word_1_119' title='bbox 763 1065 819 1093; x_wconf 91' lang='lat' dir='ltr'><strong>mon-</strong></span> 
     </span>
     <span class='ocr_line' id='line_1_15' title="bbox 69 1117 820 1172; baseline -0.004 -13"><span class='ocrx_word' id='word_1_120' title='bbox 69 1122 156 1172; x_wconf 84' lang='lat' dir='ltr'><strong>lanisque</strong></span> <span class='ocrx_word' id='word_1_121' title='bbox 174 1118 287 1169; x_wconf 76' lang='lat' dir='ltr'><strong>regionibus</strong></span> <span class='ocrx_word' id='word_1_122' title='bbox 306 1117 422 1156; x_wconf 85' lang='lat' dir='ltr'><strong>monasteria</strong></span> <span class='ocrx_word' id='word_1_123' title='bbox 441 1117 576 1169; x_wconf 83' lang='lat' dir='ltr'><strong>condiderunt,</strong></span> <span class='ocrx_word' id='word_1_124' title='bbox 596 1118 696 1169; x_wconf 75' lang='lat' dir='ltr'><strong>Syriacam</strong></span> <span class='ocrx_word' id='word_1_125' title='bbox 710 1118 820 1158; x_wconf 82' lang='lat' dir='ltr'><strong>versionem</strong></span> 
     </span>
     <span class='ocr_line' id='line_1_16' title="bbox 69 1181 821 1235; baseline -0.003 -11"><span class='ocrx_word' id='word_1_126' title='bbox 69 1185 174 1225; x_wconf 87' lang='lat' dir='ltr'><strong>attulerunt</strong></span> <span class='ocrx_word' id='word_1_127' title='bbox 191 1186 210 1224; x_wconf 91' lang='lat' dir='ltr'><strong>in</strong></span> <span class='ocrx_word' id='word_1_128' title='bbox 228 1181 375 1234; x_wconf 76' lang='lat' dir='ltr'><strong>Goelesyriam,</strong></span> <span class='ocrx_word' id='word_1_129' title='bbox 397 1182 416 1222; x_wconf 89' lang='lat' dir='ltr'><strong>in</strong></span> <span class='ocrx_word' id='word_1_130' title='bbox 435 1181 502 1222; x_wconf 81' lang='lat' dir='ltr'><strong>Libani</strong></span> <span class='ocrx_word' id='word_1_131' title='bbox 516 1185 601 1235; x_wconf 83' lang='lat' dir='ltr'><strong>montes,</strong></span> <span class='ocrx_word' id='word_1_132' title='bbox 620 1185 639 1223; x_wconf 91' lang='lat' dir='ltr'><strong>in</strong></span> <span class='ocrx_word' id='word_1_133' title='bbox 654 1185 732 1224; x_wconf 89' lang='lat' dir='ltr'><strong>deserta</strong></span> <span class='ocrx_word' id='word_1_134' title='bbox 746 1184 821 1223; x_wconf 86' lang='lat' dir='ltr'><strong>Palae-</strong></span> 
     </span>
     <span class='ocr_line' id='line_1_17' title="bbox 68 1247 820 1302; baseline 0.001 -14"><span class='ocrx_word' id='word_1_135' title='bbox 68 1251 131 1289; x_wconf 89' lang='lat' dir='ltr'><strong>stinae</strong></span> <span class='ocrx_word' id='word_1_136' title='bbox 150 1252 171 1290; x_wconf 87' lang='lat' dir='ltr'><strong>et</strong></span> <span class='ocrx_word' id='word_1_137' title='bbox 187 1249 285 1301; x_wconf 81' lang='lat' dir='ltr'><strong>Arabiae,</strong></span> <span class='ocrx_word' id='word_1_138' title='bbox 306 1249 389 1300; x_wconf 87' lang='lat' dir='ltr'><strong>denique</strong></span> <span class='ocrx_word' id='word_1_139' title='bbox 408 1248 427 1285; x_wconf 90' lang='lat' dir='ltr'><strong>ln</strong></span> <span class='ocrx_word' id='word_1_140' title='bbox 442 1247 557 1300; x_wconf 78' lang='lat' dir='ltr'><strong>Aegyptum</strong></span> <span class='ocrx_word' id='word_1_141' title='bbox 576 1251 597 1288; x_wconf 92' lang='lat' dir='ltr'><strong>et</strong></span> <span class='ocrx_word' id='word_1_142' title='bbox 610 1250 698 1301; x_wconf 78' lang='lat' dir='ltr'><strong>Libyam.</strong></span> <span class='ocrx_word' id='word_1_143' title='bbox 725 1250 820 1302; x_wconf 86' lang='lat' dir='ltr'><strong>llxernplo</strong></span> 
     </span>
     <span class='ocr_line' id='line_1_18' title="bbox 68 1309 821 1368; baseline 0.001 -13"><span class='ocrx_word' id='word_1_144' title='bbox 68 1316 94 1357; x_wconf 89' lang='lat' dir='ltr'><strong>sit</strong></span> <span class='ocrx_word' id='word_1_145' title='bbox 112 1315 227 1361; x_wconf 83' lang='lat' dir='ltr'><strong>Alexander</strong></span> <span class='ocrx_word' id='word_1_146' title='bbox 247 1313 348 1355; x_wconf 83' lang='lat' dir='ltr'><strong>marracinus</strong></span> <span class='ocrx_word' id='word_1_147' title='bbox 368 1309 395 1368; x_wconf 76' lang='lat'><strong>(†</strong></span> <span class='ocrx_word' id='word_1_148' title='bbox 414 1311 507 1366; x_wconf 51' lang='grc' dir='ltr'><strong>ΜΓ),</strong></span> <span class='ocrx_word' id='word_1_149' title='bbox 527 1317 559 1367; x_wconf 88' lang='lat' dir='ltr'><strong>qui</strong></span> <span class='ocrx_word' id='word_1_150' title='bbox 575 1318 676 1356; x_wconf 86' lang='lat' dir='ltr'><strong>exstructo</strong></span> <span class='ocrx_word' id='word_1_151' title='bbox 693 1316 718 1356; x_wconf 87' lang='lat' dir='ltr'><strong>ad</strong></span> <span class='ocrx_word' id='word_1_152' title='bbox 731 1316 821 1368; x_wconf 77' lang='lat' dir='ltr'><strong>lluplna-</strong></span> 
     </span>
     <span class='ocr_line' id='line_1_19' title="bbox 69 1371 821 1435; baseline 0.001 -14"><span class='ocrx_word' id='word_1_153' title='bbox 69 1383 107 1422; x_wconf 84' lang='lat' dir='ltr'><strong>tem</strong></span> <span class='ocrx_word' id='word_1_154' title='bbox 126 1383 219 1421; x_wconf 90' lang='lat' dir='ltr'><strong>coenobio</strong></span> <span class='ocrx_word' id='word_1_155' title='bbox 231 1371 273 1433; x_wconf 72' lang='lat' dir='ltr'><strong>vper</strong></span> <span class='ocrx_word' id='word_1_156' title='bbox 290 1380 362 1430; x_wconf 77' lang='lat' dir='ltr'><strong>viginti</strong></span> <span class='ocrx_word' id='word_1_157' title='bbox 380 1391 440 1418; x_wconf 89' lang='lat' dir='ltr'><strong>annos</strong></span> <span class='ocrx_word' id='word_1_158' title='bbox 460 1380 606 1432; x_wconf 77' lang='lat' dir='ltr'><strong>quadringentis</strong></span> <span class='ocrx_word' id='word_1_159' title='bbox 620 1381 716 1422; x_wconf 86' lang='lat' dir='ltr'><strong>monacbis</strong></span> <span class='ocrx_word' id='word_1_160' title='bbox 731 1383 821 1435; x_wconf 79' lang='lat' dir='ltr'><strong>praefuit,</strong></span> 
     </span>
     <span class='ocr_line' id='line_1_20' title="bbox 70 1445 821 1502; baseline 0.003 -16"><span class='ocrx_word' id='word_1_161' title='bbox 70 1447 102 1500; x_wconf 87' lang='lat' dir='ltr'><strong>qui</strong></span> <span class='ocrx_word' id='word_1_162' title='bbox 117 1450 208 1500; x_wconf 83' lang='lat' dir='ltr'><strong>quattuor</strong></span> <span class='ocrx_word' id='word_1_163' title='bbox 220 1447 292 1498; x_wconf 81' lang='lat' dir='ltr'><strong>linguis</strong></span> <span class='ocrx_word' id='word_1_164' title='bbox 307 1445 391 1485; x_wconf 88' lang='lat' dir='ltr'><strong>distincti</strong></span> <span class='ocrx_word' id='word_1_165' title='bbox 407 1447 473 1498; x_wconf 86' lang='lat' dir='ltr'><strong>eraut,</strong></span> <span class='ocrx_word' id='word_1_166' title='bbox 488 1446 562 1501; x_wconf 78' lang='lat' dir='ltr'><strong>botru,</strong></span> <span class='ocrx_word' id='word_1_167' title='bbox 577 1447 657 1500; x_wconf 82' lang='lat' dir='ltr'><strong>Graeci,</strong></span> <span class='ocrx_word' id='word_1_168' title='bbox 672 1449 731 1501; x_wconf 79' lang='lat' dir='ltr'><strong>Syri,</strong></span> <span class='ocrx_word' id='word_1_169' title='bbox 746 1448 821 1502; x_wconf 75' lang='lat' dir='ltr'><strong>Aegy-</strong></span> 
     </span>
    </p>
   </div>
   <div class='ocr_carea' id='block_1_3' title="bbox 73 1557 204 1565">
    <p class='ocr_par' dir='ltr' id='par_1_3' title="bbox 73 1557 204 1565">
     <span class='ocr_line' id='line_1_21' title="bbox 73 1557 204 1565; baseline 0.008 -5"><span class='ocrx_word' id='word_1_170' title='bbox 73 1557 204 1565; x_wconf 47' lang='grc' dir='ltr'><strong><em>Μ...-</em></strong></span> 
     </span>
    </p>
   </div>
   <div class='ocr_carea' id='block_1_4' title="bbox 71 1620 825 1837">
    <p class='ocr_par' dir='ltr' id='par_1_4' title="bbox 71 1620 825 1837">
     <span class='ocr_line' id='line_1_22' title="bbox 139 1620 825 1667; baseline 0.006 -11"><span class='ocrx_word' id='word_1_171' title='bbox 139 1620 157 1665; x_wconf 88' lang='grc'><strong>1)</strong></span> <span class='ocrx_word' id='word_1_172' title='bbox 168 1620 194 1656; x_wconf 85' lang='lat' dir='ltr'><strong>Ex</strong></span> <span class='ocrx_word' id='word_1_173' title='bbox 209 1631 254 1658; x_wconf 86' lang='lat' dir='ltr'><strong>vers.</strong></span> <span class='ocrx_word' id='word_1_174' title='bbox 271 1620 309 1666; x_wconf 74' lang='lat' dir='ltr'><strong>Syr.</strong></span> <span class='ocrx_word' id='word_1_175' title='bbox 326 1624 374 1655; x_wconf 89' lang='lat' dir='ltr'><strong>ortae</strong></span> <span class='ocrx_word' id='word_1_176' title='bbox 385 1620 470 1656; x_wconf 83' lang='lat' dir='ltr'><strong>Arabicae</strong></span> <span class='ocrx_word' id='word_1_177' title='bbox 486 1623 588 1667; x_wconf 85' lang='lat' dir='ltr'><strong>complures.</strong></span> <span class='ocrx_word' id='word_1_178' title='bbox 610 1621 725 1658; x_wconf 83' lang='lat' dir='ltr'><strong>Armeniacum</strong></span> <span class='ocrx_word' id='word_1_179' title='bbox 738 1623 758 1658; x_wconf 85' lang='lat' dir='ltr'><strong>N.</strong></span> <span class='ocrx_word' id='word_1_180' title='bbox 771 1624 791 1659; x_wconf 86' lang='grc' dir='ltr'><strong>Τ.</strong></span> <span class='ocrx_word' id='word_1_181' title='bbox 804 1635 825 1660; x_wconf 89' lang='lat' dir='ltr'><strong>ex</strong></span> 
     </span>
     <span class='ocr_line' id='line_1_23' title="bbox 73 1675 824 1722; baseline 0.004 -13"><span class='ocrx_word' id='word_1_182' title='bbox 73 1675 132 1709; x_wconf 90' lang='lat' dir='ltr'><strong>eodem</strong></span> <span class='ocrx_word' id='word_1_183' title='bbox 148 1676 195 1710; x_wconf 79' lang='lat' dir='ltr'><strong>ionic</strong></span> <span class='ocrx_word' id='word_1_184' title='bbox 208 1675 310 1720; x_wconf 85' lang='lat' dir='ltr'><strong>produxisse</strong></span> <span class='ocrx_word' id='word_1_185' title='bbox 321 1680 361 1719; x_wconf 80' lang='lat' dir='ltr'><strong>post</strong></span> <span class='ocrx_word' id='word_1_186' title='bbox 373 1675 465 1709; x_wconf 83' lang='lat' dir='ltr'><strong>Simoniani</strong></span> <span class='ocrx_word' id='word_1_187' title='bbox 477 1678 543 1719; x_wconf 76' lang='lat' dir='ltr'><strong>putavit</strong></span> <span class='ocrx_word' id='word_1_188' title='bbox 553 1676 649 1722; x_wconf 81' lang='lat' dir='ltr'><strong>illiobaelis.</strong></span> <span class='ocrx_word' id='word_1_189' title='bbox 671 1677 691 1713; x_wconf 94' lang='lat' dir='ltr'><strong>V.</strong></span> <span class='ocrx_word' id='word_1_190' title='bbox 704 1677 724 1711; x_wconf 89' lang='lat' dir='ltr'><strong>T.</strong></span> <span class='ocrx_word' id='word_1_191' title='bbox 736 1677 824 1712; x_wconf 89' lang='lat' dir='ltr'><strong>Armenia-</strong></span> 
     </span>
     <span class='ocr_line' id='line_1_24' title="bbox 73 1729 824 1779; baseline 0.009 -18"><span class='ocrx_word' id='word_1_192' title='bbox 73 1737 110 1762; x_wconf 85' lang='lat' dir='ltr'><strong>cum</strong></span> <span class='ocrx_word' id='word_1_193' title='bbox 125 1730 147 1763; x_wconf 84' lang='lat' dir='ltr'><strong>ad</strong></span> <span class='ocrx_word' id='word_1_194' title='bbox 161 1729 248 1774; x_wconf 77' lang='lat' dir='ltr'><strong>Syriacum</strong></span> <span class='ocrx_word' id='word_1_195' title='bbox 259 1729 382 1764; x_wconf 80' lang='lat' dir='ltr'><strong>conformatum</strong></span> <span class='ocrx_word' id='word_1_196' title='bbox 395 1739 442 1772; x_wconf 78' lang='lat' dir='ltr'><strong>osse,</strong></span> <span class='ocrx_word' id='word_1_197' title='bbox 457 1730 606 1768; x_wconf 82' lang='lat' dir='ltr'><strong>Bar-Hebraeum</strong></span> <span class='ocrx_word' id='word_1_198' title='bbox 617 1736 675 1766; x_wconf 81' lang='lat' dir='ltr'><strong>testem</strong></span> <span class='ocrx_word' id='word_1_199' title='bbox 690 1733 767 1779; x_wconf 83' lang='lat' dir='ltr'><strong>laudavit</strong></span> <span class='ocrx_word' id='word_1_200' title='bbox 777 1734 824 1770; x_wconf 89' lang='lat' dir='ltr'><strong>Vlal-</strong></span> 
     </span>
     <span class='ocr_line' id='line_1_25' title="bbox 71 1783 825 1837; baseline 0.005 -20"><span class='ocrx_word' id='word_1_201' title='bbox 71 1786 133 1825; x_wconf 80' lang='lat' dir='ltr'><strong>tonus,</strong></span> <span class='ocrx_word' id='word_1_202' title='bbox 150 1785 180 1818; x_wconf 88' lang='lat' dir='ltr'><strong>sed</strong></span> <span class='ocrx_word' id='word_1_203' title='bbox 197 1795 230 1830; x_wconf 83' lang='lat' dir='ltr'><strong>quo</strong></span> <span class='ocrx_word' id='word_1_204' title='bbox 246 1785 283 1819; x_wconf 90' lang='lat' dir='ltr'><strong>iure</strong></span> <span class='ocrx_word' id='word_1_205' title='bbox 298 1783 357 1819; x_wconf 81' lang='lat' dir='ltr'><strong>rideas</strong></span> <span class='ocrx_word' id='word_1_206' title='bbox 368 1786 412 1830; x_wconf 82' lang='lat' dir='ltr'><strong>epod</strong></span> <span class='ocrx_word' id='word_1_207' title='bbox 423 1785 535 1837; x_wconf 68' lang='lat' dir='ltr'><strong>nuscanum</strong></span> <span class='ocrx_word' id='word_1_208' title='bbox 548 1797 587 1832; x_wconf 77' lang='lat' dir='ltr'><strong>pag.</strong></span> <span class='ocrx_word' id='word_1_209' title='bbox 600 1788 637 1823; x_wconf 70' lang='lat'><strong>142.</strong></span> <span class='ocrx_word' id='word_1_210' title='bbox 660 1787 679 1822; x_wconf 88' lang='lat' dir='ltr'><strong>V.</strong></span> <span class='ocrx_word' id='word_1_211' title='bbox 692 1788 825 1824; x_wconf 69' lang='lat' dir='ltr'><strong>mirandarum</strong></span> 
     </span>
    </p>
   </div>
   <div class='ocr_carea' id='block_1_5' title="bbox 71 1837 859 1937">
    <p class='ocr_par' dir='ltr' id='par_1_5' title="bbox 71 1837 859 1937">
     <span class='ocr_line' id='line_1_26' title="bbox 73 1837 859 1887; baseline 0.009 -16"><span class='ocrx_word' id='word_1_212' title='bbox 73 1846 111 1872; x_wconf 87' lang='lat' dir='ltr'><strong>csso</strong></span> <span class='ocrx_word' id='word_1_213' title='bbox 122 1837 300 1881; x_wconf 84' lang='lat' dir='ltr'><strong>Armoniaceratione</strong></span> <span class='ocrx_word' id='word_1_214' title='bbox 307 1837 368 1887; x_wconf 75' lang='lat' dir='ltr'><strong>babila</strong></span> <span class='ocrx_word' id='word_1_215' title='bbox 378 1850 422 1874; x_wconf 77' lang='lat' dir='ltr'><strong>uera</strong></span> <span class='ocrx_word' id='word_1_216' title='bbox 430 1841 520 1885; x_wconf 79' lang='lat' dir='ltr'><strong>Syriacae,</strong></span> <span class='ocrx_word' id='word_1_217' title='bbox 533 1843 608 1887; x_wconf 84' lang='lat' dir='ltr'><strong>ipsorum</strong></span> <span class='ocrx_word' id='word_1_218' title='bbox 619 1841 737 1877; x_wconf 83' lang='lat' dir='ltr'><strong>Arineuiorum</strong></span> <span class='ocrx_word' id='word_1_219' title='bbox 749 1843 826 1878; x_wconf 89' lang='lat' dir='ltr'><strong>nonnulli</strong></span> <span class='ocrx_word' id='word_1_220' title='bbox 856 1853 859 1857; x_wconf 88' lang='lat'>·</span> 
     </span>
     <span class='ocr_line' id='line_1_27' title="bbox 71 1889 409 1937; baseline 0.015 -13"><span class='ocrx_word' id='word_1_221' title='bbox 71 1889 146 1926; x_wconf 81' lang='lat' dir='ltr'><strong>tradunt.</strong></span> <span class='ocrx_word' id='word_1_222' title='bbox 166 1891 192 1926; x_wconf 85' lang='lat' dir='ltr'><strong>Gi.</strong></span> <span class='ocrx_word' id='word_1_223' title='bbox 205 1891 292 1926; x_wconf 84' lang='lat' dir='ltr'><strong>Nemuann</strong></span> <span class='ocrx_word' id='word_1_224' title='bbox 303 1893 314 1927; x_wconf 93' lang='lat' dir='ltr'><strong>l.</strong></span> <span class='ocrx_word' id='word_1_225' title='bbox 328 1897 409 1937; x_wconf 78' lang='lat' dir='ltr'><strong>c.11.37.</strong></span> 
     </span>
    </p>
   </div>
   <div class='ocr_carea' id='block_1_6' title="bbox 26 1953 882 2837">
    <p class='ocr_par' dir='ltr' id='par_1_6' title="bbox 72 1953 882 2062">
     <span class='ocr_line' id='line_1_28' title="bbox 138 1953 882 2006; baseline 0.011 -16"><span class='ocrx_word' id='word_1_226' title='bbox 138 1955 159 1999; x_wconf 83' lang='lat'><strong>2)</strong></span> <span class='ocrx_word' id='word_1_227' title='bbox 174 1955 234 2002; x_wconf 75' lang='lat' dir='ltr'><strong>Syrum</strong></span> <span class='ocrx_word' id='word_1_228' title='bbox 251 1958 328 2002; x_wconf 83' lang='lat' dir='ltr'><strong>sequitur</strong></span> <span class='ocrx_word' id='word_1_229' title='bbox 339 1958 394 1991; x_wconf 75' lang='lat' dir='ltr'><strong>Arabs</strong></span> <span class='ocrx_word' id='word_1_230' title='bbox 406 1957 475 2003; x_wconf 87' lang='lat' dir='ltr'><strong>Erpcnii</strong></span> <span class='ocrx_word' id='word_1_231' title='bbox 490 1960 507 1992; x_wconf 89' lang='lat' dir='ltr'><strong>in</strong></span> <span class='ocrx_word' id='word_1_232' title='bbox 519 1957 601 2003; x_wconf 81' lang='lat' dir='ltr'><strong>Epistolis</strong></span> <span class='ocrx_word' id='word_1_233' title='bbox 616 1963 633 1994; x_wconf 84' lang='lat' dir='ltr'><strong>ot</strong></span> <span class='ocrx_word' id='word_1_234' title='bbox 644 1960 700 2003; x_wconf 84' lang='lat' dir='ltr'><strong>Actis,</strong></span> <span class='ocrx_word' id='word_1_235' title='bbox 717 1962 734 1995; x_wconf 92' lang='lat' dir='ltr'><strong>in</strong></span> <span class='ocrx_word' id='word_1_236' title='bbox 745 1959 825 2006; x_wconf 77' lang='lat' dir='ltr'><strong>Evange-</strong></span> <span class='ocrx_word' id='word_1_237' title='bbox 881 1953 882 1956; x_wconf 25' lang='lat'>¹</span> 
     </span>
     <span class='ocr_line' id='line_1_29' title="bbox 72 2008 591 2062; baseline 0.008 -18"><span class='ocrx_word' id='word_1_238' title='bbox 72 2010 100 2052; x_wconf 86' lang='lat' dir='ltr'><strong>liis</strong></span> <span class='ocrx_word' id='word_1_239' title='bbox 111 2008 170 2046; x_wconf 86' lang='lat' dir='ltr'><strong>Persa.</strong></span> <span class='ocrx_word' id='word_1_240' title='bbox 194 2011 218 2047; x_wconf 82' lang='lat' dir='ltr'><strong>Gi.</strong></span> <span class='ocrx_word' id='word_1_241' title='bbox 229 2010 330 2054; x_wconf 78' lang='lat' dir='ltr'><strong>Michaelis,</strong></span> <span class='ocrx_word' id='word_1_242' title='bbox 346 2021 400 2047; x_wconf 84' lang='lat' dir='ltr'><strong>cinnae</strong></span> <span class='ocrx_word' id='word_1_243' title='bbox 410 2015 428 2047; x_wconf 89' lang='lat' dir='ltr'><strong>in</strong></span> <span class='ocrx_word' id='word_1_244' title='bbox 439 2013 474 2047; x_wconf 70' lang='lat' dir='ltr'><strong>Act,</strong></span> <span class='ocrx_word' id='word_1_245' title='bbox 486 2014 529 2059; x_wconf 80' lang='lat' dir='ltr'><strong>App.</strong></span> <span class='ocrx_word' id='word_1_246' title='bbox 542 2018 557 2062; x_wconf 61' lang='grc' dir='ltr'><strong>ς.</strong></span> <span class='ocrx_word' id='word_1_247' title='bbox 570 2014 591 2049; x_wconf 89' lang='lat' dir='ltr'><strong>ll.</strong></span> 
     </span>
    </p>

    <p class='ocr_par' dir='ltr' id='par_1_7' title="bbox 29 2074 878 2619">
     <span class='ocr_line' id='line_1_30' title="bbox 139 2074 826 2124; baseline 0.006 -15"><span class='ocrx_word' id='word_1_248' title='bbox 139 2074 160 2116; x_wconf 81' lang='grc'><strong>3)</strong></span> <span class='ocrx_word' id='word_1_249' title='bbox 171 2074 214 2110; x_wconf 86' lang='lat' dir='ltr'><strong>Acta</strong></span> <span class='ocrx_word' id='word_1_250' title='bbox 230 2075 287 2110; x_wconf 81' lang='lat' dir='ltr'><strong>Saum.</strong></span> <span class='ocrx_word' id='word_1_251' title='bbox 301 2075 389 2118; x_wconf 71' lang='lat' dir='ltr'><strong>bollandi,</strong></span> <span class='ocrx_word' id='word_1_252' title='bbox 405 2076 473 2111; x_wconf 84' lang='lat' dir='ltr'><strong>Ianuar.</strong></span> <span class='ocrx_word' id='word_1_253' title='bbox 487 2088 527 2124; x_wconf 78' lang='lat' dir='ltr'><strong>pag.</strong></span> <span class='ocrx_word' id='word_1_254' title='bbox 543 2080 591 2115; x_wconf 68' lang='lat' dir='ltr'><strong>roal·</strong></span> <span class='ocrx_word' id='word_1_255' title='bbox 615 2078 667 2118; x_wconf 81' lang='lat' dir='ltr'><strong>eram</strong></span> <span class='ocrx_word' id='word_1_256' title='bbox 679 2078 756 2122; x_wconf 79' lang='lat' dir='ltr'><strong>vulgaris</strong></span> <span class='ocrx_word' id='word_1_257' title='bbox 769 2083 785 2113; x_wconf 87' lang='lat' dir='ltr'><strong>et</strong></span> <span class='ocrx_word' id='word_1_258' title='bbox 798 2090 826 2113; x_wconf 85' lang='lat' dir='ltr'><strong>ro-</strong></span> 
     </span>
     <span class='ocr_line' id='line_1_31' title="bbox 75 2129 826 2175; baseline 0.009 -14"><span class='ocrx_word' id='word_1_259' title='bbox 75 2131 124 2171; x_wconf 77' lang='lat' dir='ltr'><strong>cepta</strong></span> <span class='ocrx_word' id='word_1_260' title='bbox 139 2130 191 2163; x_wconf 85' lang='lat' dir='ltr'><strong>inerit</strong></span> <span class='ocrx_word' id='word_1_261' title='bbox 202 2130 289 2164; x_wconf 86' lang='lat' dir='ltr'><strong>monacbis</strong></span> <span class='ocrx_word' id='word_1_262' title='bbox 300 2129 406 2165; x_wconf 87' lang='lat' dir='ltr'><strong>Psalmormn</strong></span> <span class='ocrx_word' id='word_1_263' title='bbox 417 2134 506 2175; x_wconf 81' lang='lat' dir='ltr'><strong>recitatio,</strong></span> <span class='ocrx_word' id='word_1_264' title='bbox 523 2135 566 2167; x_wconf 82' lang='lat' dir='ltr'><strong>satis</strong></span> <span class='ocrx_word' id='word_1_265' title='bbox 578 2138 650 2168; x_wconf 82' lang='lat' dir='ltr'><strong>constat.</strong></span> <span class='ocrx_word' id='word_1_266' title='bbox 672 2133 756 2168; x_wconf 85' lang='lat' dir='ltr'><strong>Antonius</strong></span> <span class='ocrx_word' id='word_1_267' title='bbox 768 2143 826 2168; x_wconf 84' lang='lat' dir='ltr'><strong>mona-</strong></span> 
     </span>
     <span class='ocr_line' id='line_1_32' title="bbox 75 2180 849 2235; baseline 0.013 -20"><span class='ocrx_word' id='word_1_268' title='bbox 75 2180 116 2215; x_wconf 83' lang='lat' dir='ltr'><strong>chos</strong></span> <span class='ocrx_word' id='word_1_269' title='bbox 131 2183 189 2227; x_wconf 76' lang='lat' dir='ltr'><strong>legero</strong></span> <span class='ocrx_word' id='word_1_270' title='bbox 204 2186 255 2218; x_wconf 86' lang='lat' dir='ltr'><strong>iussit</strong></span> <span class='ocrx_word' id='word_1_271' title='bbox 264 2184 285 2219; x_wconf 89' lang='lat' dir='ltr'><strong>N.</strong></span> <span class='ocrx_word' id='word_1_272' title='bbox 297 2184 317 2219; x_wconf 88' lang='grc' dir='ltr'><strong>Τ.</strong></span> <span class='ocrx_word' id='word_1_273' title='bbox 330 2189 346 2219; x_wconf 89' lang='lat' dir='ltr'><strong>et</strong></span> <span class='ocrx_word' id='word_1_274' title='bbox 357 2184 439 2221; x_wconf 90' lang='lat' dir='ltr'><strong>Psalmos.</strong></span> <span class='ocrx_word' id='word_1_275' title='bbox 462 2187 537 2224; x_wconf 90' lang='lat' dir='ltr'><strong>Iulianus</strong></span> <span class='ocrx_word' id='word_1_276' title='bbox 549 2189 596 2224; x_wconf 83' lang='lat' dir='ltr'><strong>Saba</strong></span> <span class='ocrx_word' id='word_1_277' title='bbox 607 2189 704 2232; x_wconf 78' lang='lat' dir='ltr'><strong>(Tlroodor.</strong></span> <span class='ocrx_word' id='word_1_278' title='bbox 715 2188 755 2224; x_wconf 81' lang='lat' dir='ltr'><strong>lrist.</strong></span> <span class='ocrx_word' id='word_1_279' title='bbox 767 2190 827 2235; x_wconf 73' lang='lat' dir='ltr'><strong>relig.)</strong></span> <span class='ocrx_word' id='word_1_280' title='bbox 847 2212 849 2219; x_wconf 84' lang='lat'>.</span> 
     </span>
     <span class='ocr_line' id='line_1_33' title="bbox 75 2237 828 2291; baseline 0.012 -20"><span class='ocrx_word' id='word_1_281' title='bbox 75 2238 94 2271; x_wconf 95' lang='lat' dir='ltr'><strong>in</strong></span> <span class='ocrx_word' id='word_1_282' title='bbox 109 2239 181 2281; x_wconf 78' lang='lat' dir='ltr'><strong>regione</strong></span> <span class='ocrx_word' id='word_1_283' title='bbox 194 2237 320 2274; x_wconf 81' lang='lat' dir='ltr'><strong>Osrlroenoruur</strong></span> <span class='ocrx_word' id='word_1_284' title='bbox 333 2242 453 2277; x_wconf 85' lang='lat' dir='ltr'><strong>celeberrimus</strong></span> <span class='ocrx_word' id='word_1_285' title='bbox 466 2243 507 2287; x_wconf 85' lang='lat' dir='ltr'><strong>init,</strong></span> <span class='ocrx_word' id='word_1_286' title='bbox 523 2245 545 2280; x_wconf 89' lang='lat' dir='ltr'><strong>ad</strong></span> <span class='ocrx_word' id='word_1_287' title='bbox 557 2255 605 2291; x_wconf 83' lang='lat' dir='ltr'><strong>quern</strong></span> <span class='ocrx_word' id='word_1_288' title='bbox 617 2246 664 2279; x_wconf 84' lang='lat' dir='ltr'><strong>multi</strong></span> <span class='ocrx_word' id='word_1_289' title='bbox 676 2244 828 2291; x_wconf 78' lang='lat' dir='ltr'><strong>congregabimini</strong></span> 
     </span>
     <span class='ocr_line' id='line_1_34' title="bbox 75 2290 865 2344; baseline 0.013 -19"><span class='ocrx_word' id='word_1_290' title='bbox 75 2290 160 2325; x_wconf 80' lang='lat' dir='ltr'><strong>monachi.</strong></span> <span class='ocrx_word' id='word_1_291' title='bbox 182 2291 207 2326; x_wconf 86' lang='lat' dir='ltr'><strong>Ea</strong></span> <span class='ocrx_word' id='word_1_292' title='bbox 218 2296 236 2328; x_wconf 89' lang='lat' dir='ltr'><strong>in</strong></span> <span class='ocrx_word' id='word_1_293' title='bbox 247 2297 318 2338; x_wconf 76' lang='lat' dir='ltr'><strong>regione</strong></span> <span class='ocrx_word' id='word_1_294' title='bbox 330 2301 387 2330; x_wconf 81' lang='lat' dir='ltr'><strong>mouet</strong></span> <span class='ocrx_word' id='word_1_295' title='bbox 399 2297 518 2333; x_wconf 85' lang='lat' dir='ltr'><strong>Tlreodoretus</strong></span> <span class='ocrx_word' id='word_1_296' title='bbox 529 2301 581 2334; x_wconf 85' lang='lat' dir='ltr'><strong>nrtros</strong></span> <span class='ocrx_word' id='word_1_297' title='bbox 593 2309 663 2344; x_wconf 79' lang='lat' dir='ltr'><strong>magnas</strong></span> <span class='ocrx_word' id='word_1_298' title='bbox 676 2310 714 2334; x_wconf 87' lang='lat' dir='ltr'><strong>esse</strong></span> <span class='ocrx_word' id='word_1_299' title='bbox 726 2304 743 2334; x_wconf 84' lang='lat' dir='ltr'><strong>ot</strong></span> <span class='ocrx_word' id='word_1_300' title='bbox 754 2301 827 2344; x_wconf 83' lang='lat' dir='ltr'><strong>populo·</strong></span> <span class='ocrx_word' id='word_1_301' title='bbox 864 2320 865 2323; x_wconf 64' lang='lat'><em>=</em></span> 
     </span>
     <span class='ocr_line' id='line_1_35' title="bbox 76 2346 829 2400; baseline 0.013 -20"><span class='ocrx_word' id='word_1_302' title='bbox 76 2356 115 2388; x_wconf 87' lang='lat' dir='ltr'><strong>sas,</strong></span> <span class='ocrx_word' id='word_1_303' title='bbox 128 2346 159 2380; x_wconf 88' lang='lat' dir='ltr'><strong>sed</strong></span> <span class='ocrx_word' id='word_1_304' title='bbox 170 2349 236 2391; x_wconf 82' lang='lat' dir='ltr'><strong>partem</strong></span> <span class='ocrx_word' id='word_1_305' title='bbox 249 2348 319 2383; x_wconf 78' lang='lat' dir='ltr'><strong>alteram</strong></span> <span class='ocrx_word' id='word_1_306' title='bbox 331 2360 368 2385; x_wconf 88' lang='lat' dir='ltr'><strong>csse</strong></span> <span class='ocrx_word' id='word_1_307' title='bbox 380 2351 513 2390; x_wconf 84' lang='lat' dir='ltr'><strong>inhabitabilem.</strong></span> <span class='ocrx_word' id='word_1_308' title='bbox 536 2355 567 2390; x_wconf 82' lang='lat' dir='ltr'><strong>Ille</strong></span> <span class='ocrx_word' id='word_1_309' title='bbox 581 2351 635 2399; x_wconf 67' lang='lat' dir='ltr'><strong>igitur</strong></span> <span class='ocrx_word' id='word_1_310' title='bbox 646 2356 758 2400; x_wconf 82' lang='lat' dir='ltr'><strong>praescripsit</strong></span> <span class='ocrx_word' id='word_1_311' title='bbox 769 2356 829 2390; x_wconf 56' lang='lat' dir='ltr'><strong>mona-¹</strong></span> 
     </span>
     <span class='ocr_line' id='line_1_36' title="bbox 77 2400 827 2457; baseline 0.016 -23"><span class='ocrx_word' id='word_1_312' title='bbox 77 2400 113 2435; x_wconf 79' lang='lat' dir='ltr'><strong>eliis</strong></span> <span class='ocrx_word' id='word_1_313' title='bbox 129 2403 198 2436; x_wconf 86' lang='lat' dir='ltr'><strong>multam</strong></span> <span class='ocrx_word' id='word_1_314' title='bbox 215 2404 232 2436; x_wconf 84' lang='lat' dir='ltr'><strong>ei</strong></span> <span class='ocrx_word' id='word_1_315' title='bbox 247 2404 332 2437; x_wconf 81' lang='lat' dir='ltr'><strong>assiduam</strong></span> <span class='ocrx_word' id='word_1_316' title='bbox 348 2410 462 2449; x_wconf 63' lang='lat' dir='ltr'><strong>incusationem</strong></span> <span class='ocrx_word' id='word_1_317' title='bbox 479 2413 495 2444; x_wconf 84' lang='lat' dir='ltr'><strong>ei</strong></span> <span class='ocrx_word' id='word_1_318' title='bbox 506 2409 576 2445; x_wconf 85' lang='lat' dir='ltr'><strong>Davidis</strong></span> <span class='ocrx_word' id='word_1_319' title='bbox 589 2410 695 2445; x_wconf 84' lang='lat' dir='ltr'><strong>Psalmcuuur</strong></span> <span class='ocrx_word' id='word_1_320' title='bbox 708 2413 827 2457; x_wconf 78' lang='lat' dir='ltr'><strong>ourrtaiionenn</strong></span> 
     </span>
     <span class='ocr_line' id='line_1_37' title="bbox 77 2456 828 2517; baseline 0.015 -28"><span class='ocrx_word' id='word_1_321' title='bbox 77 2456 155 2491; x_wconf 77' lang='lat' dir='ltr'><strong>canones</strong></span> <span class='ocrx_word' id='word_1_322' title='bbox 164 2457 240 2492; x_wconf 86' lang='lat' dir='ltr'><strong>Rabulae</strong></span> <span class='ocrx_word' id='word_1_323' title='bbox 252 2459 379 2501; x_wconf 80' lang='lat' dir='ltr'><strong>praescribunt:</strong></span> <span class='ocrx_word' id='word_1_324' title='bbox 392 2461 574 2517; x_wconf 53' lang='lat' dir='ltr'><strong>„brorraobersamos</strong></span> <span class='ocrx_word' id='word_1_325' title='bbox 583 2465 649 2499; x_wconf 81' lang='lat' dir='ltr'><strong>discant</strong></span> <span class='ocrx_word' id='word_1_326' title='bbox 658 2469 675 2500; x_wconf 85' lang='lat' dir='ltr'><strong>ct</strong></span> <span class='ocrx_word' id='word_1_327' title='bbox 686 2465 768 2500; x_wconf 89' lang='lat' dir='ltr'><strong>nronialcs</strong></span> <span class='ocrx_word' id='word_1_328' title='bbox 778 2467 828 2501; x_wconf 89' lang='lat' dir='ltr'><strong>otiam</strong></span> 
     </span>
     <span class='ocr_line' id='line_1_38' title="bbox 78 2510 829 2567; baseline 0.016 -24"><span class='ocrx_word' id='word_1_329' title='bbox 78 2512 149 2561; x_wconf 72' lang='lat' dir='ltr'><strong>carnion.</strong></span> <span class='ocrx_word' id='word_1_330' title='bbox 171 2510 336 2547; x_wconf 83' lang='lat' dir='ltr'><strong>RecitcniPsalmos</strong></span> <span class='ocrx_word' id='word_1_331' title='bbox 353 2513 380 2547; x_wconf 87' lang='lat' dir='ltr'><strong>die</strong></span> <span class='ocrx_word' id='word_1_332' title='bbox 394 2519 482 2561; x_wconf 81' lang='lat' dir='ltr'><strong>nocteque.</strong></span> <span class='ocrx_word' id='word_1_333' title='bbox 505 2518 610 2563; x_wconf 83' lang='lat' dir='ltr'><strong>Monachus,</strong></span> <span class='ocrx_word' id='word_1_334' title='bbox 630 2522 660 2567; x_wconf 80' lang='lat' dir='ltr'><strong>qni</strong></span> <span class='ocrx_word' id='word_1_335' title='bbox 675 2531 726 2556; x_wconf 92' lang='lat' dir='ltr'><strong>nuum</strong></span> <span class='ocrx_word' id='word_1_336' title='bbox 742 2521 829 2556; x_wconf 81' lang='lat' dir='ltr'><strong>dumtaxat</strong></span> 
     </span>
     <span class='ocr_line' id='line_1_39' title="bbox 29 2563 878 2619; baseline 0.013 -21"><span class='ocrx_word' id='word_1_337' title='bbox 29 2602 31 2605; x_wconf 57' lang='grc'>,</span> <span class='ocrx_word' id='word_1_338' title='bbox 50 2602 52 2604; x_wconf 57' lang='grc'><strong>,</strong></span> <span class='ocrx_word' id='word_1_339' title='bbox 77 2563 163 2599; x_wconf 85' lang='lat' dir='ltr'><strong>Psalumm</strong></span> <span class='ocrx_word' id='word_1_340' title='bbox 180 2567 237 2608; x_wconf 85' lang='lat' dir='ltr'><strong>nouit,</strong></span> <span class='ocrx_word' id='word_1_341' title='bbox 254 2566 324 2602; x_wconf 82' lang='lat' dir='ltr'><strong>eundem</strong></span> <span class='ocrx_word' id='word_1_342' title='bbox 339 2569 565 2608; x_wconf 87' lang='lat' dir='ltr'><strong>inomnibusorationibus</strong></span> <span class='ocrx_word' id='word_1_343' title='bbox 578 2576 662 2619; x_wconf 77' lang='lat' dir='ltr'><strong>repetat.“</strong></span> <span class='ocrx_word' id='word_1_344' title='bbox 689 2575 764 2610; x_wconf 81' lang='lat' dir='ltr'><strong>Edessae</strong></span> <span class='ocrx_word' id='word_1_345' title='bbox 780 2575 829 2609; x_wconf 90' lang='lat' dir='ltr'><strong>clrori</strong></span> <span class='ocrx_word' id='word_1_346' title='bbox 875 2593 878 2597; x_wconf 62' lang='grc'><strong>»</strong></span> 
     </span>
    </p>

    <p class='ocr_par' dir='ltr' id='par_1_8' title="bbox 26 2620 848 2837">
     <span class='ocr_line' id='line_1_40' title="bbox 44 2620 830 2674; baseline 0.017 -22"><span class='ocrx_word' id='word_1_347' title='bbox 44 2626 47 2631; x_wconf 91' lang='grc'><em>·</em></span> <span class='ocrx_word' id='word_1_348' title='bbox 76 2620 154 2672; x_wconf 82' lang='lat' dir='ltr'><strong>uirorum</strong></span> <span class='ocrx_word' id='word_1_349' title='bbox 171 2623 187 2653; x_wconf 84' lang='lat' dir='ltr'><strong>et</strong></span> <span class='ocrx_word' id='word_1_350' title='bbox 201 2621 286 2664; x_wconf 76' lang='lat' dir='ltr'><strong>virginum</strong></span> <span class='ocrx_word' id='word_1_351' title='bbox 302 2620 379 2656; x_wconf 87' lang='lat' dir='ltr'><strong>Psalmos</strong></span> <span class='ocrx_word' id='word_1_352' title='bbox 390 2625 409 2657; x_wconf 91' lang='lat' dir='ltr'><strong>in</strong></span> <span class='ocrx_word' id='word_1_353' title='bbox 422 2625 494 2660; x_wconf 85' lang='lat' dir='ltr'><strong>ecclesia</strong></span> <span class='ocrx_word' id='word_1_354' title='bbox 506 2628 594 2662; x_wconf 87' lang='lat' dir='ltr'><strong>canebant.</strong></span> <span class='ocrx_word' id='word_1_355' title='bbox 618 2629 648 2664; x_wconf 70' lang='lat' dir='ltr'><strong>Gi.</strong></span> <span class='ocrx_word' id='word_1_356' title='bbox 657 2632 707 2665; x_wconf 87' lang='lat' dir='ltr'><strong>etiam</strong></span> <span class='ocrx_word' id='word_1_357' title='bbox 718 2629 830 2674; x_wconf 85' lang='lat' dir='ltr'><strong>Ephraomum</strong></span> 
     </span>
     <span class='ocr_line' id='line_1_41' title="bbox 78 2672 848 2720; baseline 0.017 -12"><span class='ocrx_word' id='word_1_358' title='bbox 78 2673 99 2709; x_wconf 87' lang='lat' dir='ltr'><strong>de</strong></span> <span class='ocrx_word' id='word_1_359' title='bbox 113 2672 187 2708; x_wconf 82' lang='lat' dir='ltr'><strong>Psalmo.</strong></span> <span class='ocrx_word' id='word_1_360' title='bbox 207 2672 254 2718; x_wconf 71' lang='lat' dir='ltr'><strong>Ope.</strong></span> <span class='ocrx_word' id='word_1_361' title='bbox 267 2673 296 2708; x_wconf 82' lang='lat' dir='ltr'><strong>Gr.</strong></span> <span class='ocrx_word' id='word_1_362' title='bbox 307 2679 347 2711; x_wconf 85' lang='lat' dir='ltr'><strong>tom.</strong></span> <span class='ocrx_word' id='word_1_363' title='bbox 359 2676 372 2710; x_wconf 93' lang='grc' dir='ltr'><strong>Ι.</strong></span> <span class='ocrx_word' id='word_1_364' title='bbox 393 2676 419 2711; x_wconf 82' lang='lat' dir='ltr'><strong>Er</strong></span> <span class='ocrx_word' id='word_1_365' title='bbox 432 2678 501 2713; x_wconf 80' lang='lat' dir='ltr'><strong>Oriente</strong></span> <span class='ocrx_word' id='word_1_366' title='bbox 512 2685 579 2715; x_wconf 85' lang='lat' dir='ltr'><strong>cantum</strong></span> <span class='ocrx_word' id='word_1_367' title='bbox 590 2685 722 2718; x_wconf 88' lang='lat' dir='ltr'><strong>ecclesiasticum</strong></span> <span class='ocrx_word' id='word_1_368' title='bbox 735 2686 752 2719; x_wconf 93' lang='lat' dir='ltr'><strong>iu</strong></span> <span class='ocrx_word' id='word_1_369' title='bbox 763 2685 830 2720; x_wconf 82' lang='lat' dir='ltr'><strong>ltaliam</strong></span> <span class='ocrx_word' id='word_1_370' title='bbox 840 2697 848 2720; x_wconf 80' lang='lat' dir='ltr'><strong>a</strong></span> 
     </span>
     <span class='ocr_line' id='line_1_42' title="bbox 26 2729 830 2790; baseline 0.017 -28"><span class='ocrx_word' id='word_1_371' title='bbox 26 2731 28 2738; x_wconf 65' lang='lat'>‘</span> <span class='ocrx_word' id='word_1_372' title='bbox 77 2729 316 2790; x_wconf 45' lang='lat' dir='ltr'><strong>peruenisse‚aerrotissinmnn</strong></span> <span class='ocrx_word' id='word_1_373' title='bbox 326 2774 327 2778; x_wconf 13' lang='grc' dir='ltr'><strong>Ἰ</strong></span> <span class='ocrx_word' id='word_1_374' title='bbox 339 2732 414 2764; x_wconf 84' lang='lat' dir='ltr'><strong>Armenii</strong></span> <span class='ocrx_word' id='word_1_375' title='bbox 430 2743 497 2778; x_wconf 69' lang='lat' dir='ltr'><strong>miroque</strong></span> <span class='ocrx_word' id='word_1_376' title='bbox 512 2740 591 2770; x_wconf 84' lang='lat' dir='ltr'><strong>accentus</strong></span> <span class='ocrx_word' id='word_1_377' title='bbox 608 2739 680 2774; x_wconf 84' lang='lat' dir='ltr'><strong>nursioos</strong></span> <span class='ocrx_word' id='word_1_378' title='bbox 696 2738 768 2783; x_wconf 86' lang='lat' dir='ltr'><strong>babent,</strong></span> <span class='ocrx_word' id='word_1_379' title='bbox 787 2736 830 2787; x_wconf 83' lang='lat' dir='ltr'><strong>qnos</strong></span> 
     </span>
     <span class='ocr_line' id='line_1_43' title="bbox 78 2783 654 2837; baseline 0.017 -19"><span class='ocrx_word' id='word_1_380' title='bbox 78 2783 137 2818; x_wconf 87' lang='lat' dir='ltr'><strong>codem</strong></span> <span class='ocrx_word' id='word_1_381' title='bbox 148 2787 225 2830; x_wconf 79' lang='lat' dir='ltr'><strong>tempore</strong></span> <span class='ocrx_word' id='word_1_382' title='bbox 238 2794 270 2829; x_wconf 82' lang='lat' dir='ltr'><strong>quo</strong></span> <span class='ocrx_word' id='word_1_383' title='bbox 284 2784 351 2820; x_wconf 85' lang='lat' dir='ltr'><strong>litteras</strong></span> <span class='ocrx_word' id='word_1_384' title='bbox 363 2787 417 2830; x_wconf 85' lang='lat' dir='ltr'><strong>(saec.</strong></span> <span class='ocrx_word' id='word_1_385' title='bbox 429 2786 459 2831; x_wconf 92' lang='lat' dir='ltr'><strong>V.)</strong></span> <span class='ocrx_word' id='word_1_386' title='bbox 470 2792 556 2837; x_wconf 78' lang='lat' dir='ltr'><strong>accepisse</strong></span> <span class='ocrx_word' id='word_1_387' title='bbox 570 2791 654 2828; x_wconf 80' lang='lat' dir='ltr'><strong>uidentur.</strong></span> 
     </span>
    </p>
   </div>
   <div class='ocr_carea' id='block_1_7' title="bbox 0 0 912 3062">
    <p class='ocr_par' dir='ltr' id='par_1_9' title="bbox 0 0 912 3062">
     <span class='ocr_line' id='line_1_44' title="bbox 0 0 912 3062; baseline 0 0"><span class='ocrx_word' id='word_1_388' title='bbox 0 0 912 3062; x_wconf 95' lang='lat' dir='ltr'><strong> </strong></span> 
     </span>
    </p>
   </div>
  </div>
 </body>
</html>
