1786 3062
8 94 12 98 ⁵
67 113 106 177 ra

71 249 89 289 l.
100 223 141 290 *effi
153 250 187 290 alt.
203 259 251 305 pag.
266 245 325 300 690.)
340 246 457 297 interpretes
472 246 532 285 inisse
547 246 611 298 potius
627 223 787 284 cornrnentatores
801 220 835 282 et¹

69 316 208 367 paraphrastes
224 313 294 364 putant
308 311 517 363 posterioritemporc
534 315 633 364 invectos,
652 311 831 364 quia-Hebraicac
891 363 892 366 Ἴ

70 383 149 431 linguae
169 378 376 433 peritiatemporilnrs
394 375 486 415 Antiochi
502 377 575 417 demumr
589 377 692 430 Epiplranis
713 377 822 423 llnccuerit3

72 450 134 488 tannen
146 449 167 486 et
179 447 207 486 illi
221 434 338 493 coircadunt,
356 446 442 494 tempore
456 442 481 479 N.
494 442 518 480 Τ.
533 431 593 483 fuisse
608 445 627 483 iu
641 435 748 496 syringoga
760 444 822 482 inter-

70 506 138 565 pretes
153 513 177 553 ad
190 514 264 553 textum
276 512 364 563 biblicum
378 511 397 550 in
410 510 495 559 linguam
509 508 631 550 Chaldaicam
645 512 769 563 uertendum,
786 521 822 562 quo

72 590 150 621 munere
169 582 228 621 functi
247 583 274 619 ita
292 580 404 631 plerumque
422 576 534 625 uideantur,
554 578 575 614 ut
590 576 823 628 surrteni.iasScripturac

73 647 128 686 simul
143 647 264 699 explicarent
274 647 295 684 et
304 644 480 684 cornrneirtarentur.
509 641 626 682 [instructae
638 645 701 682 auteur
710 646 765 685 erant
774 646 824 682 tem-

73 725 121 766 pore
140 713 165 752 N.
184 711 298 762 T..ulrique
318 708 430 749 ludaeorum
445 720 564 759 synagogae
579 710 599 747 et
614 708 682 747 lilascs
696 708 761 748 habuit
775 703 824 748 aaz&

72 780 130 820 πόλιν
144 775 188 826 τούς
203 777 335 830 κηρύσσοντας
349 771 419 827 adadu,
432 775 453 817 ἐν
467 780 647 829 ταῖςσυναγωγαΐς
662 770 710 817 rard
725 780 763 814 πᾶν
774 776 823 825 edii-

73 850 135 897 cazor
159 843 350 896 ἀναγιγνωσκόμενα
373 840 430 894 (Aa.
450 841 490 892 Xl,
511 841 563 895 QLJ.
596 843 684 882 Aderant
704 844 723 880 in
742 842 827 895 qualibet

75 924 183 964 synagoga
205 910 307 962 doctores,
333 909 413 950 aderant
438 910 494 949 etiam
515 906 630 960 ἑρμηνευῑαί
645 912 771 961 interpretes,
797 910 827 962 qni
864 961 867 965 v

76 980 138 1029 Legis
156 979 259 1031 pericopas
274 976 369 1015 Hebraice
384 976 494 1027 praelectas
508 975 527 1012 in
541 987 646 1015 sermonem
661 976 694 1014 uel
710 975 826 1015 Chaldaeum
883 990 887 995 ¹

77 1045 111 1084 uel
139 1045 233 1085 Graecum
250 1043 387 1087 transferrent;
411 1042 523 1079 eterrirnin
543 1042 611 1091 paucis
633 1042 760 1081 tantnnnnodo
777 1042 828 1080 Hal-

76 1111 186 1150 lenistarum
209 1107 320 1158 synagogis
343 1106 418 1146 Graece
442 1099 516 1155 [legem
534 1107 611 1146 -lectanr
636 1118 680 1146 esse
702 1109 791 1157 putamus
802 1105 830 1160 1).-

75 1174 128 1213 ldem
146 1175 271 1225 interpretum
290 1183 356 1210 numus
371 1168 492 1211 rn'aaciasiis
507 1172 520 1211 i:
537 1184 553 1211 e.
569 1172 718 1213 Christianorum
733 1186 824 1224 synago-

77 1241 110 1290 gis
125 1232 224 1290 receptum
239 1239 301 1277 luisse
314 1237 358 1276 inde
371 1238 404 1277 vel
419 1239 527 1278 certissime
542 1240 608 1290 patei,
628 1239 678 1290 qnod
692 1240 710 1277 in
727 1241 769 1290 ipsa
784 1240 826 1279 Go-

77 1301 188 1344 rintlriorum
208 1304 292 1342 ecclesia
309 1306 447 1354 drepppvaaroi,
463 1303 545 1342 meminit
565 1304 636 1343 Paulus
659 1302 685 1356 (i.
705 1302 751 1343 Cor.
771 1303 827 1355 XV),

79 1372 111 1424 qui
129 1370 163 1411 uel
178 1370 240 1410 aliena
255 1370 365 1409 connsuetam
380 1370 398 1408 in
412 1369 497 1419 lingnam
512 1371 618 1423 transferre
632 1370 665 1409 vel
681 1370 762 1410 obscure
778 1371 828 1411 dicta

83 1438 183 1488 explicare
201 1437 294 1488 potuerit.
322 1436 395 1475 Exstat
414 1446 490 1488 quoque
505 1436 630 1474 testimonium
645 1436 721 1474 Patrum
735 1435 765 1488 [id
780 1438 831 1488 quod

79 1503 163 1552 negavit
175 1502 218 1540 olim
233 1499 346 1553 Vitringa],
363 1500 401 1540 lroc
414 1512 480 1539 munus
494 1501 513 1539 in
528 1501 622 1540 ecclesias
637 1502 750 1549 transiisse;
765 1505 830 1542 narrat

81 1556 239 1607 enimEusehius
258 1567 276 1605 in
295 1567 344 1607 libro
363 1567 387 1606 do
401 1566 518 1616 martyribus
532 1567 586 1617 Pal,
606 1562 723 1618 Procopium
737 1570 830 1619 quendam

79 1635 99 1673 in
113 1633 199 1673 ecclesia
212 1631 265 1671 urhis
280 1632 343 1672 Basan
360 1633 421 1672 trihus
436 1632 545 1671 numerilrus
560 1644 605 1685 esse
620 1633 717 1672 iunctum:
732 1645 773 1673 narn
788 1636 830 1687 pri-

80 1714 129 1740 mum
150 1712 191 1738 ernn
209 1698 302 1738 lectorem
317 1701 377 1738 fuisse
392 1699 496 1739 Sacrorum
510 1698 611 1750 uirorum,
632 1699 700 1739 dalruic
715 1712 742 1739 ex
756 1700 831 1741 Graeca

79 1767 148 1817 lingua
168 1768 187 1805 in
204 1765 318 1805 Aramacam
336 1767 472 1818 interpretem,
496 1766 552 1804 tertio
572 1765 653 1819 denique
667 1766 770 1807 daemones
788 1769 841 1808 cias
889 1788 891 1791 ·

82 1834 133 1874 cisse
142 1830 170 1885 ²),
198 1830 293 1872 Ecclesiis
307 1831 378 1883 Syriae
394 1834 414 1871 ct
422 1831 545 1872 Palaestinae
559 1834 591 1872 sat
605 1833 668 1873 inultis
682 1833 719 1874 lroo
733 1836 830 1886 interpre-

81 1901 107 1939 tis
121 1911 187 1938 munus
202 1910 298 1938 cornmnne
312 1900 373 1937 fuisse
387 1900 482 1949 putamus.
511 1898 532 1936 In
546 1899 645 1950 plerisque
658 1899 733 1951 quidem
744 1901 833 1940 ecclesiis

82 1976 165 2005 necesse
184 1976 222 2003 non
236 1966 289 2016 crat,
309 1965 331 2004 ut
340 1962 483 2016 rApostolorum
498 1965 571 2015 scripta
585 1963 686 2005 Aramaice
701 1967 832 2006 transferren-

82 2035 122 2083 tur,
139 2032 182 2083 quia
196 2030 264 2080 lingua
279 2031 355 2070 Graeca
370 2031 417 2068 satis
433 2029 518 2068 omnihus
535 2030 617 2080 cognita
629 2031 682 2078 erat3
701 2032 756 2071 locns
771 2034 844 2077 tannen,

81 2094 161 2136 llusebii
179 2097 235 2136 modo
256 2096 326 2137 allatus
346 2096 454 2136 testimonio
475 2098 517 2145 est,
542 2096 603 2153 fuisse
624 2093 719 2137 eeclesias
734 2100 793 2145 etiarn
805 2101 833 2140 cis

82 2162 200 2213 lluplrratem
219 2164 278 2211 sitas,
299 2164 318 2201 in
332 2175 411 2215 quarum
426 2164 522 2201 conventu
537 2174 587 2214 qrrac
603 2162 677 2203 Graece
692 2165 764 2216 scripta
778 2167 834 2206 crant

83 2228 108 2267 alr
122 2228 261 2278 interpretem
275 2219 360 2278 lingnam
375 2220 490 2278 Ararnaeam
504 2229 556 2280 plelri
567 2227 687 2270 'arisenitamr
701 2232 834 2272 transferenda

84 2296 151 2341 oranti,
174 2294 239 2334 Hono
248 2295 310 2333 autem
325 2295 479 2334 consuetudinem
494 2295 613 2346 oliiciumqne
627 2299 738 2347 interpretis
753 2290 834 2337 maxime

19 2367 23 2369 “
83 2362 103 2398 in
117 2360 142 2397 V.
157 2359 182 2398 Τ.
197 2359 269 2410 primis
278 2359 402 2409 ecclesiarum
416 2359 534 2409 temporibus
548 2358 578 2397 diu
594 2362 698 2401 obtinuisse
708 2364 796 2412 putamus
803 2365 835 2402 in-
854 2364 856 2369 ’

37 2461 40 2469 ,,
85 2427 115 2465 ter
129 2425 174 2465 illos
189 2423 318 2477 potissimum,
334 2426 365 2476 qui
376 2423 490 2463 'axluoaers
505 2424 632 2466 crediderant.
661 2428 709 2467 llrat
722 2430 784 2467 autem
798 2430 844 2480 iam

84 2492 129 2531 ante
149 2490 243 2531 Christum
261 2491 325 2530 natum
343 2490 414 2540 religio
428 2489 506 2529 Iudaica
524 2492 590 2530 nrirum
604 2493 622 2532 in
637 2493 710 2532 modurn
725 2507 761 2547 per
776 2498 835 2536 toturn

153 2641 172 2684 1)
184 2640 258 2676 Exstant
267 2642 314 2676 multi
327 2642 403 2685 codicem
419 2646 438 2678 in
450 2643 510 2689 quilius
523 2644 544 2678 ad
558 2644 649 2690 pnendihci
660 2656 727 2680 uersum
739 2649 792 2681 tarini
803 2647 837 2683 lle-

85 2698 145 2732 lrraico
157 2697 234 2732 sulmone
245 2700 271 2731 est
281 2696 365 2731 Ararnaoa
378 2697 494 2741 paraphrasis.
542 2737 543 2740 Ἴ
809 2698 812 2702 ’

150 2762 171 2806 2)
184 2761 208 2797 dt
221 2760 301 2801 Ruinam,
321 2764 359 2794 uota
373 2765 514 2806 nrartprum'pag«
524 2767 562 2798 373,
