1786 3062
787 102 815 145 85

52 214 131 251 slreruo
154 210 197 250 loeo
216 213 312 264 ponente·
347 209 412 263 Supra
431 213 545 264 monuimus,
570 213 681 256 Waltonunr
701 214 753 263 alios
767 216 812 257 iude

1 267 2 319 J
61 276 111 329 quod
125 275 263 330 Apoealypsis
282 275 308 318 et
321 276 415 329 epistolae
432 276 509 331 Ioannis
527 277 553 318 ll.
572 281 592 320 et
608 281 653 334 lll.,
676 281 730 322 Petri
748 280 772 321 ll.
790 283 811 323 et

49 343 118 414 ,Iudae
135 355 172 383 uon
190 344 282 394 legantur
298 346 317 384 in
336 344 539 396 versionesimplioi,
557 349 689 396 argumentum
703 349 809 401 antiquita-

60 411 85 451 tis
101 411 218 468 promsisse3
240 412 316 452 scilieet
334 413 424 465 scriptam
441 422 486 450 esse
505 412 624 466 versionem,
648 417 753 468 antequam>
764 416 809 466 epi-
830 456 832 459 ,

59 475 122 516 stolae
139 476 184 517 illae
203 479 223 518 et
237 477 371 533 Apoealypsis
387 479 451 519 editae
466 477 546 530 luerint,
560 480 638 521 seilioet
650 481 664 520 ii
678 481 702 522 N.
718 474 742 523 Τ.
756 482 807 535 libri,
845 528 846 531 Ἴ

60 545 91 596 qui
106 545 185 584 omnium
201 557 295 585 consensu
311 546 451 599 Apostolorum
467 546 521 585 vitae
532 547 631 590 extremae
647 550 757 598 consignari
771 550 808 588 de·
870 570 873 576 v=

58 611 129 651 heaut„
151 609 191 650 Alii
209 623 258 652 vero
277 611 312 652 has
330 612 428 665 Simplicis
444 611 523 651 laounas
543 612 579 651 vix
596 613 638 651 sine
657 613 686 653 ira
707 616 727 655 et
743 615 807 655 studio

10 666 11 670 ¹
58 678 129 717 foveas
143 678 222 718 idoneas
236 678 318 730 hahent,
333 679 352 717 in
364 679 433 731 quihus
442 678 532 718 librorum
541 675 657 728 authentiam
666 681 807 734 veritatemque
823 691 825 693 ’

5 744 6 752 ’
58 744 192 795 submergant.
218 745 345 797 llphraemuiu
356 745 566 797 constat-Apocalypsi
573 756 627 787 usum
641 757 686 785 esse
696 744 725 800 ¹),
743 741 817 799 neque
867 798 869 801 y

58 811 132 849 ommino
141 812 191 849 inter
200 811 264 862 Syros
278 812 358 849 veteres
372 810 462 849 librorum
471 811 547 850 illorum
560 811 693 863 auctoritatem
703 812 812 863 indulthum

16 877 17 880 ’
60 888 105 917 osse
116 878 218 928 vocaturn,
235 877 284 930 quia,
294 887 330 927 pro
347 877 436 925 genuinis
445 876 583 928 Apostolorum
600 878 678 930 seriptis
692 877 806 919 hahitiiue-

58 944 101 984 rint.
129 943 192 999 Quare
212 943 253 983 iure
269 943 346 982 nostro,
352 943 483 995 antiquitatem
497 944 594 983 versionis
606 944 650 983 inde
663 944 733 985 firrnari
746 948 811 997 puta

44 1021 111 1061 unus,
133 1010 186 1063 quod
201 1008 262 1048 lihros
282 1008 383 1048 nonnullos
401 1020 439 1048 non
456 1012 603 1061 repraesentat,
616 1011 666 1062 rqui,
679 1022 731 1050 saec.
746 1010 771 1049 ll.
787 1006 807 1049 el

58 1075 92 1116 ill.
109 1076 129 1114 in
148 1087 221 1115 oauone
240 1074 364 1115 ecelesiarum
378 1086 439 1127 quam
458 1075 509 1126 apud
523 1074 587 1126 Syros
603 1088 641 1116 non
659 1077 749 1116 maiorem
768 1088 807 1115 ex-

58 1142 109 1195 perti
131 1142 176 1182 sunt
198 1141 295 1193 repulsam
316 1153 371 1193 quam
388 1140 516 1193 Antioohiae,
537 1140 669 1181 Alexandriae
686 1144 707 1183 et
726 1142 745 1181 in
764 1142 806 1182 toto
829 1164 831 1166 >

59 1210 145 1251 Oriente.
173 1208 233 1248 lirant
247 1220 294 1248 saue
314 1208 387 1260 soripta
403 1207 438 1252 illa,
453 1205 600 1260 daactsyo'paao,
624 1219 662 1247 non
679 1209 759 1247 uranium
772 1220 808 1248 eo-

59 1277 160 1317 olesiarum
171 1273 273 1330 ¹applausu
288 1276 309 1313 et
322 1273 360 1312 lide
376 1275 468 1325 aeoepta,
487 1285 549 1327 neque
564 1285 611 1313 sane
625 1275 710 1326 mireris,
729 1275 808 1322 contra,

59 1344 133 1384 dixisse
151 1341 242 1394 plurimos
253 1335 399 1391 ,Apostolorum
418 1340 485 1380 verhis
500 1340 615 1391 postremis,
633 1351 689 1392 quum
705 1341 759 1380 tanto
773 1352 809 1388 ar-

47 1394 106 1449 *dore
126 1410 146 1447 et
161 1407 224 1446 studio
238 1407 257 1444 in
271 1406 365 1447 eeolesias
380 1417 483 1458 earumque
496 1406 597 1456 praesides
610 1405 737 1456 invehantur,
757 1396 810 1458 quod

0 1508 1 1514 ,
59 1474 156 1516 Christum
179 1465 320 1524 praetegentes
341 1472 415 1527 minime
434 1472 493 1510 tactis
510 1481 599 1521 veraque
618 1470 655 1509 fide
673 1472 810 1523 profiterentur

59 1554 113 1592 eunt,
126 1540 158 1592 qui
170 1551 182 1578 a
195 1538 277 1590 peeoato
293 1537 313 1575 et
327 1534 421 1588 servitute
434 1526 471 1576 nos
485 1536 574 1575 redemit.
599 1535 810 1588 vLaodicena-synodus

59 1619 111 1647 saeo.
128 1603 162 1646 lV.
181 1603 315 1655 Apocalypsin
333 1603 448 1655 reprobavit
465 1614 528 1655 aeque
546 1615 557 1641 a
574 1613 623 1641 vero
643 1603 734 1644 aberrare
754 1604 811 1653 nohis

2 1681 3 1685 ’
59 1674 146 1715 videmur
159 1672 279 1721 statuentes,
299 1670 381 1710 maximo
396 1667 511 1710 Antioohiae
521 1670 548 1720 ⁴ot
562 1669 581 1707 in
596 1667 681 1711 Orientis
692 1669 743 1710 haud
757 1683 809 1722 pau-

59 1742 88 1782 uis
103 1738 191 1779 eeclesiis
201 1737 251 1776 idem
266 1732 404 1787 Apostolorum
417 1735 505 1787 epistolis
520 1735 624 1785 postremis
638 1738 741 1789 evenisse,
759 1738 811 1788 quod
859 1757 861 1760 -

61 1806 146 1860 queritur
162 1805 183 1844 et
195 1802 277 1843 loannes
291 1803 310 1841 iu
325 1802 362 1842 line
376 1802 440 1842 vitae:
454 1799 523 1854 „Nou
538 1800 612 1853 exeipit
624 1807 672 1855 nos,
693 1804 725 1856 qui
739 1803 811 1855 primus

61 1885 106 1912 esse
127 1871 171 1911 vult
194 1869 288 1909 ecelesiae
310 1868 391 1919 illius“,
417 1869 438 1908 et
459 1867 543 1907 Paulus:
564 1867 654 1926 „tirones
671 1870 691 1908 in
709 1868 759 1908 Asia
781 1867 827 1908 are

60 1936 186 1977 deseruerunt
194 1933 221 1989 ²).
227 1934 241 1958 ‘⁴
747 1963 748 1966 ,

125 2004 221 2058 Quattuor
242 2003 304 2041 autem
321 2000 444 2050 Evangelia,
467 1997 520 2037 Aeta
538 1995 690 2051 Apostolorum,
715 2002 758 2041 tres
776 2012 812 2040 oa-

60 2068 141 2111 tholioas
157 2066 250 2121 epistolas
264 2068 285 2106 et
295 2067 351 2108 Pauli
366 2063 517 2119 quattuordecim
526 2075 578 2104 saeo.
591 2063 617 2104 ll.
632 2062 651 2104 in
665 2065 754 2106 eeclesiis
767 2066 812 2106 uhi-

62 2147 99 2189 que
118 2133 196 2191 saponis
216 2133 258 2172 iure
278 2133 298 2172 et
316 2131 431 2173 auetoritate
449 2130 542 2172 eolleotas
560 2131 581 2171 et
593 2132 684 2184 receptas
699 2133 760 2172 fuisse
772 2134 813 2173 tota

61 2203 141 2243 historia
159 2199 240 2250 elamat,
264 2211 315 2238 suam
330 2199 415 2251 ipsorum
430 2197 526 2238 duntaxat
539 2199 558 2237 in
573 2198 694 2249 ignominiam
710 2199 813 2239 renitenti-

1 2306 3 2308 .
61 2270 97 2310 hus
112 2266 235 2324 quibusdam,
253 2266 284 2318 qui
297 2266 384 2307 historiei
398 2266 496 2318 appellariv
506 2266 573 2306 velint.

75 2368 77 2372 .
126 2336 256 2376 Utrumvero
277 2333 301 2372 uh
322 2333 389 2373 eodem
410 2344 434 2372 au
453 2331 565 2384 aplurihus
578 2329 666 2370 translati
680 2332 718 2370 sint
732 2331 776 2371 lihri
789 2331 814 2370 N.

67 2445 196 2452 ...-...—.-

126 2520 146 2563 t)
161 2520 187 2555 [ll.
204 2528 271 2554 tarmen
287 2518 323 2551 eius
339 2518 357 2550 im
373 2515 466 2551 Psalmum:
486 2513 533 2549 Pone
543 2513 615 2549 Domine
627 2513 721 2549 eustodiam
733 2515 760 2548 ori
771 2523 814 2548 nreo.

61 2572 127 2610 Assem.
135 2575 148 2610 l.
160 2588 177 2621 p,
190 2576 228 2612 141.
405 2610 407 2612 .
492 2605 495 2607 .
510 2619 512 2621 ‚

129 2639 149 2682 2)
165 2640 216 2675 Beati
231 2637 302 2673 Lutheri
317 2636 381 2679 soripta
395 2636 468 2676 ultima,
481 2643 506 2668 ex.
518 2642 545 2677 gr.
557 2630 631 2675 „llider
642 2632 673 2666 das
685 2631 784 2678 Papstthum
795 2642 816 2665 zu

63 2689 110 2726 Rom
122 2705 160 2729 vom
177 2695 238 2730 Teuiol
254 2692 329 2739 gestiit“
346 2689 436 2735 repudiata
453 2693 491 2725 suni
506 2688 528 2723 ah
544 2698 602 2723 eornm
619 2698 669 2733 quam
685 2689 771 2733 plurimis,
787 2688 816 2737 qui
854 2718 870 2737 ¹,

66 2747 112 2782 stare
123 2757 142 2783 se
150 2757 165 2784 *a
176 2752 254 2795 partibus
265 2747 336 2784 Lutheri
348 2744 431 2780 dioohant.
462 2747 472 2754 ”

281 2906 297 2927 “t
