1786 3062
767 99 795 160 aa

45 226 77 255 res
94 215 142 254 istos
161 214 224 255 liabeo
236 214 299 255 *studii
316 214 374 267 atquc
393 213 430 254 zeli
450 215 469 253 in
481 213 581 265 primaeva
596 212 680 254 ecelesia
694 213 744 265 apud
758 224 796 252 nou

46 293 119 333 paucos
137 282 191 322 viros
209 281 299 333 excitati,
321 282 351 334 qui
372 282 391 321 in
409 283 482 322 textum
498 279 605 320 Hebraeum
625 290 796 332 operamsomuem

40 338 168 388 'tranaverint
195 347 237 389 Seu
251 350 273 388 ut
287 337 367 400 propius
382 350 406 388 ad
418 353 458 387 rem
469 348 555 385 nostram
570 347 694 396 accerlmuus,
713 359 755 385 num
771 347 797 385 sit

45 415 151 454 uerisimile
165 414 283 467 quaerimus,
297 416 350 455 Noui
363 413 485 455 Testamenti
496 412 606 451 versionem
616 412 717 463 Syriacam
725 414 795 453 tactam

46 493 92 521 esse
107 482 126 520 in
138 480 250 521 Palaestina
264 483 297 522 aut
310 482 369 534 Syria
384 474 518 536 Antiocheno?
538 478 568 518 De
583 477 656 518 Vetere
668 479 795 520 Testameuto
822 533 823 538 1

46 547 215 599 iarnexploratmn
225 549 280 587 nobis
289 549 330 600 est,
344 548 380 586 vix
390 558 412 587 ae
423 558 447 585 ne
456 547 492 585 vix
504 545 580 597 quidem·
593 545 612 585 irl
624 544 737 586 translatum
752 558 796 585 esse

47 615 72 654 ab
91 613 177 662 lorlaeis3
199 614 234 654 seul
245 615 340 667 suspicari
349 611 396 666 'quis
410 613 485 665 possit,
503 612 553 652 iuter
567 610 688 652 Christianos
704 613 722 651 io
737 611 797 662 Syria

48 679 166 720 Occidentali
186 680 282 730 elegentes
300 681 370 720 laetam
389 691 434 718 esse
452 678 485 718 vel
504 680 603 731 utriusque
617 676 655 718 ¹vel
674 681 728 718 certe
744 678 797 718 Novi

47 746 167 785 Testamenti
183 748 292 785 versionem
307 746 386 797 Syram.
414 745 440 783 Ut
453 745 532 796 primum
546 745 570 784 ele
583 745 694 785 Palaestina
708 757 796 797 agapius,

47 806 120 865 cuique
129 812 247 850 notissimum
262 813 304 861 est,
320 822 375 863 quam
388 811 449 850 tristis
465 811 524 849 fuerit
538 810 661 850 ecelesiarum
670 813 733 849 status
743 823 796 851 saec.

47 877 73 917 li.
87 875 158 917 etlll.
186 875 266 916 Ubinam
280 878 335 917 eraut
348 877 414 929 μύριοι
428 875 467 926 illi,
482 877 513 928 qui
527 887 554 914 ex
565 875 642 914 ludaeis
656 876 710 915 lirlem
727 876 799 931 Christi

33 942 265 995 oaeeeperantquirlerm
283 943 318 982 sed
331 938 414 993 ζηλωτάς
428 947 463 982 zoi
475 939 653 994 remoraremur
668 945 761 995 egerunt,
777 947 799 982 ut

50 1009 111 1048 Paulo
126 1009 180 1049 letali
194 1009 238 1048 odio
253 1011 401 1060 succenserent,
421 1020 459 1062 quo
476 1020 531 1049 nerino
546 1021 626 1061 uinquam
641 1010 717 1051 exstitit
732 1009 799 1062 populi
823 1058 824 1062 Ἰ

49 1078 79 1116 sui
95 1077 193 1116 amantior.
224 1076 256 1116 Hx
269 1077 380 1117 Palaestina
399 1077 419 1115 et
432 1075 574 1126 Hierosolymis
593 1077 651 1116 eiecti
665 1080 720 1116 erant
732 1077 800 1117 ludaei
853 1111 856 1117 i

49 1145 69 1182 et
83 1140 292 1194 Iudaeo-Christiani,
312 1155 390 1195 quorum
407 1143 498 1195 reliquias
512 1142 562 1181 iuter
578 1140 690 1181 Nazaraeos
703 1144 724 1182 et
736 1143 799 1182 Ebio-

48 1210 98 1248 uitas
113 1209 213 1262 dispersas
226 1210 344 1262 reperimus,
359 1210 391 1262 qui
401 1209 419 1247 iu
427 1208 502 1248 Peraea
511 1209 531 1248 et
540 1206 656 1258 coelesyria
667 1200 726 1248 seles
738 1221 800 1262 quae-
812 1251 814 1254 ,

48 1276 141 1317 siverunt.
168 1275 222 1327 Quae
237 1275 305 1315 rleinrle
313 1275 454 1327 Hierosolymis
467 1276 590 1325 congregata
600 1276 632 1315 est
646 1275 730 1318 ecelesia
742 1275 800 1316 Cliri-

48 1342 163 1392 stianmum,
189 1343 250 1382 rnixta
273 1345 315 1383 erat
334 1354 361 1382 ex
380 1342 496 1392 alienigenis
506 1340 537 1394 ¹];
562 1342 666 1393 episeopus
687 1340 800 1383 Caesareae

50 1409 174 1458 principatum
191 1407 314 1447 Palaestinae
333 1408 405 1454 tenuit;
423 1407 502 1447 Graeca
513 1408 582 1456 lingna
595 1409 638 1446 lere
653 1407 695 1446 sola
708 1410 800 1448 universa
834 1426 838 1430 “

50 1474 68 1512 in
77 1473 188 1513 Palaestina
202 1474 246 1513 tunc
261 1475 352 1526 terrrporls
365 1476 384 1513 in
397 1486 433 1513 usu
447 1475 508 1513 tuisse
522 1473 608 1512 videtur.
635 1473 676 1513 Sed
688 1474 740 1515 ultra
750 1488 801 1528 quo-

51 1552 87 1591 que
110 1539 129 1577 in
150 1538 234 1589 Arabia,
258 1540 317 1589 Syria
340 1535 462 1580 Dauniascena
482 1542 502 1579 et
521 1538 643 1579 Antiocheno
660 1540 728 1590 lingona
748 1542 802 1580 Ara·
857 1591 859 1594 ι

51 1616 105 1644 urraca
129 1604 193 1653 magis
213 1605 315 1657 magisque
334 1607 395 1645 cessit
410 1606 490 1656 liuguae
509 1605 604 1646 Graecae.
634 1605 690 1659 Quod
710 1607 802 1658 probatur

51 1672 108 1711 eliam
131 1681 158 1709 ex
177 1681 213 1721 eo,
239 1672 290 1723 quorl
308 1672 391 1724 Aquila,
415 1671 541 1724 Syrornaelms
561 1673 581 1712 et
600 1671 723 1725 Tlieorlotion
741 1674 804 1713 Biblia

52 1738 127 1778 Graece
141 1738 242 1776 verterunt
256 1739 276 1777 et
288 1738 349 1790 ipsius
358 1731 469 1790 Hieronymi
484 1739 555 1789 postea
569 1733 636 1778 versio
645 1738 721 1779 Graece
737 1743 803 1780 trans-
818 1760 820 1768 ν

51 1805 92 1843 lata
111 1803 196 1855 plurimis
216 1803 235 1842 in
249 1803 309 1855 Syria
327 1806 387 1854 grata
401 1806 421 1845 et
436 1808 518 1857 accepta
534 1806 577 1845 luit.
606 1805 627 1845 lu
641 1806 734 1857 Synodo,
753 1817 803 1860 quae

51 1871 134 1910 Bostrae
153 1868 259 1909 habebatur
276 1882 328 1911 saec.
346 1871 381 1911 Ill.
399 1873 436 1912 rix
453 1873 530 1912 vitietur
548 1872 616 1923 lingua
632 1872 694 1911 locum
712 1871 805 1912 babuisse

51 1940 131 1991 praeter
149 1933 279 1992 G1·oecan1²).
311 1937 353 1979 Soli
372 1939 467 1980 Nazaraei
490 1927 631 1981 etln'biouitae
651 1939 725 1991 scripta
744 1939 804 1989 lege-

52 2005 110 2055 aaut,
124 2016 174 2057 quae
187 2005 257 2056 partim
270 2005 367 2047 Hebraico
380 2008 449 2059 partim
463 2006 546 2056 Syriaca
560 2007 621 2043 luisse
636 2005 731 2044 dicuntur.
760 2005 805 2044 He-

53 2072 156 2122 gesippum
176 2071 235 2110 tradit
250 2071 346 2111 Eusebius
366 2083 392 2111 ex
410 2071 521 2120 Evangelio
541 2071 645 2110 secundumn
664 2071 767 2111 Hebraeos
786 2074 807 2112 et

54 2150 80 2177 ex
95 2136 184 2189 Syriacis
203 2136 263 2176 multa
281 2138 380 2176 sumsisse.
407 2137 538 2188 Hvangelium
556 2140 619 2178 autem
637 2138 685 2177 illurl
703 2139 806 2177 seouurlum

54 2203 166 2253 Hebraeos,
188 2214 225 2254 quo
239 2202 340 2242 Ebionitae
358 2204 461 2244 utebantur
480 2205 500 2244 et
515 2204 623 2254 Nazaraei,
640 2205 692 2256 apul
706 2204 807 2256 Hierony-

54 2283 103 2310 mum
126 2268 247 2323 „Hebraicis
270 2268 341 2311 litteris
364 2269 490 2324 verbisque“
513 2270 564 2323 apud
583 2268 687 2320 Origenem
712 2270 807 2323 „lrulaieo

54 2383 186 2394 ...m-...-

56 2449 165 2492 consessione
175 2461 232 2492 tomen
243 2461 281 2490 erat
292 2456 405 2493 Christianus.
428 2458 454 2492 Cl.
465 2456 597 2502 Redepeuning‚
614 2456 698 2502 Origenes
710 2455 748 2492 Tlrl.
760 2455 782 2492 ll.
793 2467 809 2501 p.
854 2473 856 2475 ·

56 2515 95 2561 165.
117 2511 199 2556 Densius,
216 2515 291 2548 veterum
302 2514 377 2559 interpp.
389 2514 450 2558 fragm.
462 2514 480 2546 in
491 2512 545 2557 prael.

124 2575 143 2620 1)
155 2576 180 2613 Cf¹
191 2576 321 2623 ueriepunmg,
338 2578 422 2625 Origenes
433 2577 449 2613 ll
461 2588 478 2622 p.
490 2582 506 2621 1‚
518 2587 556 2622 sqq.

124 2640 144 2684 2)
155 2640 174 2676 lrr
186 2642 259 2686 Synodis
270 2645 331 2686 postea
343 2642 501 2686 Constantinopoli,
517 2639 580 2685 llpliesi
592 2643 624 2674 ete.
635 2638 699 2674 lralriiis
710 2644 749 2675 suni
762 2642 812 2687 pauci

58 2693 146 2730 eorumdum
161 2696 210 2742 Syri,
231 2699 259 2742 qui
275 2695 340 2733 Graece
352 2699 421 2733 ironrina
433 2696 542 2732 subscribere
554 2706 589 2730 uon
602 2696 699 2740 potuerint,
711 2705 732 2731 er
744 2705 757 2731 e.
768 2695 812 2733 Bar-

57 2758 113 2783 surnas
126 2749 269 2787 Arelrimuurlrila.
