1786 3062
109 128 149 171 ‘270

66 255 70 258 ’
111 241 226 293 tantalidae,
250 241 300 295 qnae
318 243 368 296 apud
389 242 459 284 lauram
477 233 563 286 ‘seerurdo
578 245 622 286 loeo
636 241 701 299 posita
714 246 756 292 est3
774 236 858 285 nanrlris
884 232 892 277 ,²

95 300 97 302 ,
111 311 177 351 veriris
190 310 226 349 urix
240 309 284 349 addi
300 321 360 361 posse
373 310 476 350 vrnoaarm
490 311 572 350 tentatio
584 312 649 363 tertia.
678 311 702 353 (l.
716 311 764 362 Vll,
779 309 813 351 45.
826 307 859 361 ἀφ’
885 299 890 342 ἱ

110 373 133 426 ἧς
150 375 245 424 siciliae.
265 367 326 414 Gssin
344 377 431 426 margine
450 375 543 424 attitiae.
577 376 642 427 Syrus
660 380 680 419 et
699 379 741 430 ipse
757 388 859 429 personam
886 369 893 382 ³

110 442 186 483 tertiam
202 441 280 492 scribit,
297 454 345 495 quae
360 446 414 483 eerte
427 442 486 481 mulio
502 442 577 481 iaeilior
590 442 679 490 videtum
692 444 728 483 sed
743 443 859 483 delectione
888 482 893 487 „

111 509 158 560 Syri
177 507 310 559 dubitandum,
332 508 393 549 Persa
411 508 679 559 errim'personarnprimam
696 509 761 550 hahet.
789 508 861 560 Restat
889 512 893 536 '³

111 586 149 614 una
161 564 232 625 leetio,
252 586 300 627 quae
316 575 339 614 ab
355 576 407 615 initio
421 576 527 627 pericopae
541 573 631 613 laetioris
646 575 735 625 publicae
749 587 808 616 eausa
823 568 860 615 ad-

112 642 153 682 dita
169 640 253 680 videtur.
280 628 368 698 (ivri,
383 640 416 681 31.
433 634 499 680 textus
516 641 608 692 reeeptus
623 638 693 688 habet:
711 637 774 683 elueri
788 641 860 696 κύριος.

111 696 222 760 linappius‚
244 705 387 759 declaramus,
403 706 659 756 Griaslraelriusomittuut3
678 708 723 749 item
737 709 825 760 Syrus„v

176 773 271 824 Exempla
289 774 337 813 lraeo
357 775 465 822 suirioiari3
485 774 516 813 alii
535 773 584 813 alios
598 773 659 813 libros
673 775 790 815 examinent.
817 775 861 814 Non
890 807 892 824 f

112 839 144 889 ille
162 851 202 889 ego
221 851 273 891 sum,
294 841 326 893 qui
346 842 427 893 recepta
445 842 467 880 ui
485 841 565 892 recepta
583 839 650 880 laudet
663 841 697 879 aut
712 853 723 881 a
736 842 794 881 textu
809 841 861 881 edito
892 878 893 889 ζ

113 906 261 955 castigationem
276 918 348 946 onmem
363 919 430 951 arcere
442 908 492 947 uelit
502 906 530 959 ¹];
550 906 585 945 sed
600 908 694 957 expertus
708 918 760 958 sum,
776 907 796 945 id
810 904 862 959 quaed
892 898 893 903 ¹

113 973 194 1026 quisque
213 973 337 1024 experietur,
360 972 416 1012 modo
434 974 543 1012 versionem
558 972 658 1023 Syriacam
677 975 767 1014 accurato
785 974 862 1020 exami-

112 1040 199 1090 naverit,
222 1038 292 1077 testem
310 1051 352 1080 earn
370 1038 541 1090 locupletissimam
557 1048 612 1087 esse,
632 1038 650 1075 ln
665 1037 773 1077 universum
787 1040 862 1096 minimae

113 1118 137 1145 ea
153 1105 198 1144 lalre
217 1104 237 1142 et
256 1104 394 1155 depravatione
408 1105 481 1143 terium
497 1105 642 1143 nostrum'esse
656 1103 757 1155 iniectum,
776 1106 798 1144 ui
810 1117 861 1144 nou-

112 1171 159 1211 nulli
181 1170 288 1217 elamitant3
313 1171 421 1211 eritioorum
442 1181 516 1209 mmmm
540 1170 669 1220 corrigentem
692 1183 727 1211 sua
746 1172 861 1212 auctoritate

111 1237 209 1278 rarissime
227 1236 317 1287 adiurat,
341 1238 362 1276 ei
380 1236 397 1274 si
419 1236 494 1288 qnando
512 1247 523 1275 a
542 1238 599 1276 textu
618 1236 670 1276 edito
687 1235 796 1289 discrepat,
815 1237 862 1290 ple-

112 1315 192 1357 rumque
211 1314 281 1343 eausae
300 1304 318 1342 in
334 1303 438 1354 conspicuo
458 1302 514 1354 suut,
534 1314 567 1341 eur
584 1301 692 1341 aleotione
707 1302 783 1343 Graeea
799 1302 862 1355 Syrus

113 1370 248 1411 declinaverit.
276 1368 320 1408 Non
332 1368 397 1408 dulriio
412 1369 500 1421 equidem
515 1380 615 1419 asserere,
632 1368 683 1420 quod
698 1369 722 1408 ad
736 1370 811 1409 textrina
825 1369 862 1409 rite

113 1436 265 1478 eorrstituendunr
288 1434 382 1487 [exeratis
401 1432 518 1488 euiruendis]
537 1435 604 1475 versio
622 1434 705 1486 Syriaca
724 1437 774 1478 inter
791 1435 863 1488 optima

114 1506 134 1545 et
147 1504 254 1544 riurrissima
268 1501 365 1554 praesidia
380 1502 499 1542 rererrseuda
513 1501 546 1540 sit.

111 1611 245 1619 —u--a

180 1686 200 1730 1)
215 1684 295 1723 ltineuus
310 1687 321 1720 l¹
339 1695 352 1720 e.
369 1686 435 1731 aliquot
450 1686 498 1721 loeus
515 1696 536 1720 eu
552 1686 629 1729 epistolis
641 1684 716 1720 Paulinis
733 1688 828 1731 eorrgessst,
845 1687 863 1720 in

114 1743 175 1789 quihus
188 1742 240 1786 Sprus
252 1750 289 1774 eum
300 1739 387 1774 eorlieihus
398 1740 534 1785 probatissimis,
553 1741 623 1773 nunninae
635 1741 666 1782 iis,
681 1742 710 1786 qui
721 1739 743 1789 τῇ
752 1740 804 1788 κοινῇ
814 1738 864 1775 ἐκδό-

114 1812 140 1833 σει
156 1797 277 1842 assignantur,
297 1794 387 1830 laetiorem
403 1796 486 1839 exprimat
500 1804 511 1829 a
526 1798 573 1828 textu
588 1798 656 1838 reeepto
669 1789 799 1839 orsmepantem.
821 1793 864 1839 Epir.

113 1852 148 1894 ΠΙ,
164 1855 181 1887 3·
196 1847 276 1894 ἐγνώρισε
291 1846 393 1886 sedeate
416 1850 469 1894 Syrus
480 1853 497 1884 et
507 1848 556 1884 dodel.
568 1848 588 1882 A.
600 1848 620 1885 Β,
633 1848 650 1883 (Ι,
662 1848 681 1883 D.
693 1848 797 1894 ἐγνωρίσθη.
820 1848 863 1884 Phil.

113 1905 138 1950 ll,
154 1910 181 1943 26.
198 1902 294 1939 ἐπιποθῶν
310 1899 332 1949 ἦν
347 1903 479 1948 uiuraemuda.
508 1903 561 1948 Sprus
577 1904 677 1940 rooairulum
688 1901 730 1938 itera
740 1906 835 1949 interponit
845 1908 864 1938 ut

114 1961 163 1996 oodrl.
178 1960 198 1994 Α.
216 1959 233 1994 a.
249 1959 269 1993 ll.
280 1957 302 2005 E„
311 1980 333 1986 -
357 1958 424 2005 Operae
436 1961 508 2005 pretinm
521 1962 567 1994 esset
579 1958 665 2002 lentinuus,
681 1961 697 1994 si
709 1962 746 2005 quis
758 1962 830 1997 maxime
841 1960 864 1995 ad

113 2017 196 2052 leotiones
209 2015 270 2050 rlrulrias
281 2024 312 2058 per
323 2014 378 2048 libros
390 2012 410 2048 N.
422 2015 444 2050 T.
456 2024 514 2049 ornares
525 2017 594 2049 notaret
606 2019 685 2049 aenimate
695 2015 785 2049 leotionem
796 2017 864 2058 versio-

113 2073 140 2114 nis
156 2071 244 2116 Spriaeae.
270 2068 289 2103 Si
305 2069 342 2114 quis
358 2078 389 2114 per
404 2079 459 2116 panea
474 2073 539 2105 tantum
556 2071 613 2114 eapiia
624 2063 720 2112 versionem
732 2069 810 2105 Latinam
823 2082 864 2105 oon-

113 2127 181 2169 tulerii‚
198 2129 305 2171 perspectum
321 2123 400 2166 habehit,
416 2128 479 2171 qrrarrio
491 2125 537 2159 illam
550 2125 641 2160 antecellat
652 2129 709 2160 tortus
720 2127 795 2171 paruitate
806 2127 863 2161 rersie

114 2181 185 2227 Syriaca
197 2180 276 2227 Simplex.
298 2177 329 2225 Est
343 2188 396 2223 porro
412 2181 490 2224 quiaestio
506 2181 574 2215 minime
590 2179 679 2223 absoluta,
696 2190 740 2226 quae
754 2182 799 2215 ratio
810 2181 864 2215 inier-

115 2236 164 2271 oedai
178 2238 222 2271 inter
234 2236 330 2271 versionem
342 2233 379 2278 Syr.
392 2238 409 2269 et
420 2234 459 2271 Lai.
472 2238 564 2281 antiquam.
587 2235 712 2280 Nonnunquam
725 2239 816 2270 eoneenius
828 2246 865 2271 eum

113 2291 165 2336 rung.
178 2301 244 2336 quoquae
255 2289 353 2331 Hieronymi
364 2290 416 2322 mirus
428 2293 459 2323 esi.
481 2288 511 2323 Er.
522 2299 536 2323 o.
544 2288 605 2324 lllattlr.
615 2291 640 2333 X,
653 2295 679 2326 13.
691 2289 758 2325 iterra
768 2290 805 2335 Syr.
813 2289 864 2335 Vulg.

113 2344 203 2386 Futurunm
216 2354 231 2380 r.
243 2342 269 2379 ill.
281 2339 373 2386 aeorepee'r
384 2341 420 2375 wia
431 2340 491 2377 ποδῶν
502 2343 540 2388 Syr.
553 2344 603 2390 Vulg.
616 2344 636 2379 de
647 2344 719 2390 pedibus
727 2345 799 2387 uesir·is;
812 2355 828 2380 r.
837 2347 865 2382 15.

114 2398 123 2435 ὁ
135 2398 195 2437 δοῦλος
207 2398 245 2445 Syr,
257 2396 308 2440 Vulg.
320 2395 397 2431 nativus.
420 2395 454 2431 Sed
467 2399 549 2443 pleraque
561 2397 603 2434 haee
615 2409 635 2434 er
644 2400 730 2436 mersionis
742 2401 809 2436 ratione
820 2400 864 2436 idem

113 2458 216 2501 inutraque
227 2454 287 2498 lingua
300 2450 381 2487 suadente
394 2452 495 2495 explicando
506 2456 550 2488 suni.

428 2551 559 2558 -—-———--
