1786 3062
716 182 717 190 χ
770 130 810 180 roe

64 245 127 295 egium
147 242 245 281 vdetulisse
268 241 330 291 Nisibi
353 241 446 284 Edessam
466 265 491 297 ᾗ
510 256 560 297 ergo
577 244 647 294 llisibl¹
664 241 807 292 dominabatnr3

64 323 90 350 ex
104 308 237 349 Armeniorum
255 308 274 347 in
282 299 378 361 epistolis
392 309 496 364 cicitur1).
523 311 576 352 Idem
589 297 635 351 lites
648 310 668 349 in
677 308 728 350 'auia
742 309 806 358 Διει-ΓΔ

64 376 80 415 is
96 373 211 430 [Artabani]
227 374 339 416 Parthorum
353 377 408 427 regis
422 381 503 418 exortas
516 379 659 419 interventione
673 388 806 429 sua-compc-

64 443 115 494 curt,
138 442 159 480 nt
176 441 227 494 apud
241 441 342 495 Iosephnm
357 436 429 483 raaces.
457 444 526 496 Patet,
548 444 620 485 tautam
636 455 682 484 esse
696 455 760 484 rerum
774 442 805 482 si-

64 507 186 560 ailitudiuem,
205 509 226 548 ut
240 509 276 549 vix
291 498 372 550 dubitari
383 511 458 562 possit,
476 509 521 562 quin
534 506 598 549 iliosis
609 508 703 558 Abgarus
718 508 745 555 sits
757 508 809 556 ina--

62 586 83 614 es
99 573 184 626 loscphi.
213 575 310 622 Videntur
323 579 386 617 tamen
405 576 473 614 variae
492 585 588 626 personae
607 575 627 614 in
644 573 729 625 Abgaro
742 565 805 620 iliosis

65 631 162 690 oalrrisse,·
183 643 240 695 atque
258 644 279 683 ut
294 644 347 683 recte
363 640 443 694 dicitur,
463 652 491 680 ex
505 640 617 681 contusione
633 641 737 681 ueritatem
751 638 805 678 diiii-

53 708 108 749 cilius
125 721 226 760 emergere
246 722 302 763 quam
321 722 348 749 ex
368 720 445 760 errore,
468 719 530 760 neque
549 709 606 748 nobis
623 708 644 747 id
661 707 763 758 sumimus,
783 707 806 752 ut

53 775 136 815 enodare
150 786 230 827 prorsus
245 777 265 814 et
278 774 377 825 explicare
391 774 473 813 uclinrus
487 784 520 811 res
533 772 580 813 miro
593 774 675 826 quodam
688 773 745 814 modo
759 773 805 819 tur-2

0 832 5 849 ²
66 844 114 881 atas.
140 841 206 880 Facile
226 843 288 879 antem
307 851 360 878 error·
378 840 468 890 irrepsit,
485 839 530 891 quia
544 837 622 890 Abgari
637 827 804 879 nomennonso-

66 919 89 945 nn
103 904 189 945 Arabum
202 904 314 958 phylarchis
328 906 371 944 sire
385 903 527 943 Osrhoenornm
541 905 622 954 regibus
636 905 716 945 solenne
729 905 766 943 fuit
777 894 805 932 -ss

64 972 88 1010 ed
107 971 165 1010 ctiam
185 972 204 1010 in
224 971 304 1024 quodam
322 971 384 1023 ipsius
404 969 517 1010 Adiabenen
537 982 589 1020 rege
608 972 698 1012 occurrit.
715 969 805 1008 'illenim

66 1037 77 1075 d
95 1038 220 1076 Pescennium
241 1037 308 1088 copias
327 1037 419 1084 miserunt
438 1037 493 1076 ambo
508 1025 585 1086 Abgari
599 1049 671 1089 reges,
691 1034 805 1076 Osrhoeno-

63 1116 92 1141 um
107 1115 167 1154 nurus,
186 1102 236 1142 alter
250 1095 392 1150 Adiabenorum
406 1100 454 1155 [Dio
471 1102 493 1144 Ο.
508 1103 521 1143 l.
536 1101 588 1158 74.)Ι
615 1104 673 1144 Latet
687 1101 805 1147 contusionis

0 1178 5 1196 i
54 1170 139 1221 suspicio
156 1169 212 1208 etiam
229 1169 248 1207 in
268 1169 342 1208 nourrine
361 1169 484 1222 sanatricis,
508 1159 563 1223 quem
581 1181 713 1210 successorem
726 1167 805 1218 Abgari

53 1236 122 1276 statuit
139 1234 214 1275 lilcses.
245 1233 364 1275 Sanatruces
385 1237 448 1276 autem
467 1248 505 1275 rex
520 1235 623 1276 Armeniae
633 1232 653 1288 ²)
671 1234 750 1276 saeculo
767 1245 804 1273 se-

54 1302 115 1342 cunde
133 1301 300 1352 vixisselertur,
324 1301 352 1341 ni.
369 1301 449 1342 Aurelio
471 1301 567 1354 caesare,
592 1302 623 1354 qui
640 1299 805 1350 laudatnrlulsse

56 1367 116 1406 aninlo
132 1368 156 1406 ad
170 1360 231 1406 carnia
244 1378 325 1417 magne,
333 1368 441 1419 xpraecipue
456 1368 480 1407 ad
493 1380 526 1407 res
539 1368 632 1419 bellicas,
642 1358 700 1414 etiam
713 1367 804 1405 strennus

0 1424 2 1455 ᾗ
54 1433 138 1472 iustitiae
159 1435 224 1471 custos
240 1433 260 1471 ei
274 1433 293 1470 in
308 1433 372 1472 victus
386 1434 460 1472 ratione
475 1436 541 1474 castus
556 1435 576 1474 ei
589 1433 673 1483 frugalis
683 1429 710 1485 ³).
738 1430 803 1485 Quare

0 1513 1 1516 ¹
54 1499 72 1537 si
85 1498 184 1547 Larubuas
202 1509 234 1537 res
254 1499 324 1546 gestas
343 1499 422 1550 scripsit
434 1498 512 1550 Abgari
524 1488 684 1548 ct's'anatmcs,
701 1508 739 1536 uon
753 1497 804 1536 scri-

54 1565 95 1617 psit
113 1565 154 1602 eins
172 1563 259 1612 Abgari‚
281 1564 313 1615 qui
327 1564 386 1614 primo
401 1564 491 1616 saeculo,
509 1566 545 1605 sed
560 1565 593 1618 qui
607 1558 692 1604 secundo
705 1563 805 1614 regnavit,

0 1635 2 1678 ζ
55 1632 124 1682 estque
141 1629 243 1670 communis
262 1627 361 1679 Africani,
382 1630 463 1669 llusebii
477 1633 498 1670 et
510 1630 573 1684 iliosis
588 1641 654 1680 error,
672 1628 725 1681 quod
738 1629 806 1668 uarios

0 1741 2 1744 v
23 1749 25 1751 q
55 1695 149 1747 Abgarcs
167 1706 205 1734 non
222 1694 356 1734 distinxerunt.
388 1695 436 1734 Nam
457 1696 507 1749 qrrod
520 1696 583 1736 Nisibi
600 1696 627 1748 ait
645 1694 713 1736 iiloses
730 1694 806 1745 regiam

0 1812 2 1815 v
56 1764 139 1810 delatam
157 1773 203 1801 esse
221 1762 337 1813 Edessam,¹
350 1761 370 1800 id
388 1763 496 1814 posteriori,
511 1764 575 1803 aetate
589 1763 660 1804 lactum
674 1757 806 1815 putamus'⁴);

57 1831 126 1870 etenim
147 1828 191 1869 aliis
210 1838 236 1867 cx
254 1828 368 1869 testimoniis
386 1829 406 1868 id
418 1829 474 1869 nohis
487 1829 589 1882 probatum
604 1830 646 1881 est,
664 1828 723 1868 luatis
735 1828 807 1881 poste-

56 1907 89 1936 ros
108 1906 189 1945 regnum
206 1892 353 1934 Osrhoenorum
366 1895 445 1935 saeculo
463 1896 509 1947 post
529 1894 624 1936 Christum
641 1894 726 1948 secundo
746 1905 806 1935 occu-

57 1973 123 2015 passe.
155 1960 196 2002 Sed
217 1961 299 2001 fatemur
323 1963 401 2014 iterum,
424 1963 569 2002 inextricabiles
587 1962 643 2002 nolus
663 1961 726 2001 videri
743 1972 805 2000 rerum

58 2029 110 2080 apud
128 2027 198 2084 Mosen
218 2027 350 2081 tumbaticues,
371 2039 429 2082 quare
452 2029 472 2067 in
490 2022 524 2068 eo*
538 2028 695 2079 acquiescentes,
717 2026 769 2080 quod
785 2026 806 2064 in

12 2116 17 2123 =
58 2093 139 2146 Abgaro
160 2092 237 2134 fabulae
258 2092 460 2135 Christianaelaatis
484 2093 571 2145 uestigia
594 2092 714 2147 deteximus,
737 2092 809 2145 relicta

124 2295 144 2338 3)
157 2293 220 2330 Eodem
231 2294 281 2330 modo
290 2294 357 2330 Niersis
367 2292 474 2330 thlaiensis
482 2282 601 2331 Armeniorum
611 2296 710 2342 patriarcha
721 2296 743 2341 (†
756 2294 808 2339 1173)
852 2291 854 2293 ’

59 2352 77 2383 in
89 2352 163 2386 carmine
177 2351 197 2386 de
208 2350 278 2396 regibus
289 2351 379 2385 Armeniae
390 2349 477 2395 Abgarum
487 2349 605 2385 Armeniorum
616 2362 674 2397 regem
685 2353 735 2395 lecit,
752 2356 771 2387 ut
780 2363 809 2387 re·

60 2403 92 2439 lert
107 2404 183 2440 Clemens
201 2403 275 2440 Galenus
293 2407 312 2439 in
329 2405 448 2440 conciliatione
465 2404 506 2439 eccl.
521 2404 567 2441 Arm.
584 2416 622 2441 cum
633 2406 682 2444 Rom.
693 2417 734 2453 pag.
744 2413 761 2445 7.

124 2490 144 2534 2)
155 2489 202 2525 I‘nter
213 2489 315 2525 Parthorum
326 2500 393 2535 quoque
406 2501 456 2536 reges
468 2493 542 2526 occurrit
554 2490 656 2526 Sanatrnces
669 2491 743 2537 puidam.
798 2505 800 2508 ·

125 2574 145 2617 3)
157 2574 196 2609 Viri·
209 2573 279 2608 Sciriam
290 2584 304 2608 s,
315 2584 331 2609 u.
343 2577 360 2608 ct
370 2562 485 2610 Theodosium
498 2576 516 2609 in
523 2576 607 2620 excerptis
616 2575 715 2610 Cocceianis
722 2585 762 2620 pag.
772 2575 809 2613 sm.

125 2649 146 2690 4)
162 2648 222 2685 Moses
238 2650 302 2696 tradit,
318 2648 406 2695 Abgarum
418 2650 488 2685 Tiberio
501 2652 595 2697 imperante
606 2651 688 2687 Edessam
699 2653 758 2688 urbem
770 2660 810 2687 eoa-

62 2698 124 2747 didisse
142 2713 196 2749 eoque
212 2707 277 2750 regiam
293 2714 340 2740 snam
358 2704 437 2740 aNisihi
453 2709 470 2740 et
481 2707 572 2741 simulacra
584 2715 616 2741 sua
626 2705 736 2754 (detegam,
746 2707 809 2747 Belum,
824 2726 827 2730 ‚

62 2750 187 2800 Bathnicalum,
206 2759 319 2803 Thau-ailiam)
331 2770 423 2805 regumque
435 2760 521 2795 tabularia
531 2760 644 2796 transtulisse.
654 2755 656 2757 ’
