1786 3062
771 115 812 157 135
879 85 881 87 >

56 221 185 274 niorunrscunr
199 219 292 263 lacobitis
305 222 374 263 unione
389 223 451 266 scissa
466 227 598 280 pesclorum,
617 226 733 281 perduravit
745 228 815 277 ¹tamen<

55 285 150 338 Syrorum
170 300 211 328 eum
226 286 336 341 Aegyptiis
356 290 467 333 fraternitas
482 295 541 347 atque
554 294 634 348 foedus,
651 280 755 348 quamlibet
769 306 809 335 va-

55 354 92 392 riis¹
115 356 233 407 temporibus
251 357 302 398 inter
321 360 414 411 utresque
432 360 466 401 rel
484 361 509 400 de
527 360 624 411 dogmatis
644 361 678 402 vel
697 362 722 402 de
739 362 808 418 ritibus

54 421 179 472 quibusdam
192 424 213 462 et
236 421 261 461 de
283 424 434 476 patriarcharum
457 426 498 465 iure
518 425 625 479 finibusque
643 428 750 468 dimicatum
771 430 808 469 est.

54 487 102 526 linat
120 489 169 526 enim
188 489 280 528 universa
300 491 352 531 terra
367 490 473 532 lacebitica
491 492 566 531 duobus
585 491 807 546 patriareirissubierta,

53 552 175 596 Antiocheno
198 557 219 596 et
237 554 349 610 Aegyptio.
382 557 515 613 Antiochenns
538 559 558 597 in
576 557 656 598 Oriente
674 558 808 612 hlaphrianunr

28 660 29 663 ,
54 634 70 662 s.
83 622 184 664 Prirnaten'r
199 624 306 676 ordinavit,
319 624 435 677 Aegyptius
449 625 593 677 metropolitam
603 624 734 678 Aethiopibus
748 626 808 667 dedii.

53 689 138 741 insignis
148 691 184 731 fuit
196 691 275 744 primunr
288 692 307 730 in
323 692 382 743 Syria
396 691 523 732 lacebitarunr
539 694 613 745 coetus·
621 692 685 745 plebis
698 682 807 746 frequentia

54 768 124 806 rrragna
141 758 227 812 uirisque
245 758 321 807 magnis
341 759 361 796 et
379 758 495 805 doctissimis
512 750 623 798 abundavit.
650 758 762 800 Palaestina
781 772 805 800 ee

53 824 140 885 tompore
153 825 196 863 erat
204 823 264 862 ferme
272 823 422 874 populosissima
433 825 491 874 regni
501 824 603 875 Byzantini
612 825 724 878 provincia,
738 827 805 867 eccle

50 890 88 927 siis
107 889 179 942 ubique
197 881 275 939 ornata,
294 889 416 933 monasteriis
430 889 479 929 adeo
493 901 555 942 usque
567 889 666 940 referta,
673 891 770 940 uigens
772 893 805 932 illa

53 967 98 996 esse
116 954 239 995 coelibum
224 954 302 993 ulderet
304 967 324 994 ur
334 953 360 1009 1.)
387 954 511 996 (inanissimis
526 956 590 997 autern
604 956 771 1007 persecutionibus
786 958 806 997 ei

24 1063 25 1066 Ἴ
51 1022 161 1062 cladibus
156 1021 259 1059 mnumeris
278 1020 325 1072 Syri
344 1018 444 1067 lacebita'e
457 1024 523 1062 mirum
537 1024 555 1061 in
569 1022 644 1061 modum
658 1024 753 1074 correpti,
773 1024 805 1062 di-

52 1088 119 1128 minuti
140 1100 163 1128 ao
186 1099 248 1139 paene
271 1088 363 1128 exstincti
385 1088 436 1127 sunt.
468 1088 664 1129 Iustinianoi'rustra
682 1088 704 1145 id
722 1079 805 1142 quinque

53 1154 187 1195 collationibus
206 1165 319 1205 aggresso,
340 1154 361 1192 ut
382 1154 453 1193 eos-in
471 1153 577 1196 catholicae
596 1155 692 1196 ecclesiae
710 1157 803 1206 gremium

52 1221 165 1271 reduceret,
181 1232 227 1258 mox
242 1220 326 1258 decretis
339 1219 445 1271 poenisque
460 1221 556 1260 adversus
567 1219 676 1261 haereticos
690 1221 803 1273 inutraque

52 1286 100 1336 lege
112 1286 265 1341 laris-saevitum
280 1286 342 1326 estin
355 1284 462 1337 bacchilus,
482 1287 508 1327 ita
522 1287 543 1327 ut
555 1286 574 1326 in
586 1287 682 1328 seruitute
693 1286 802 1327 libertatem
843 1321 848 1327 ,

50 1354 90 1393 sibi
107 1353 159 1392 nacti
174 1352 299 1402 viderentur>
321 1351 419 1403 Aegypto
438 1353 528 1403 primum,
546 1353 614 1397 deinde
632 1353 691 1404 Syria
705 1367 716 1394 a
730 1352 803 1394 lllalro-

52 1420 133 1461 nretanis
147 1419 256 1470 occupata.
278 1418 352 1468 Magna
367 1419 431 1457 tamen
440 1415 536 1469 strages,
553 1419 618 1471 priore
633 1422 744 1471 temporeo
760 1417 803 1459 Go-

50 1498 108 1538 sroe,
131 1486 202 1537 postea
221 1497 232 1524 a
248 1482 348 1536 Glraliphis
365 1484 447 1523 maxime
460 1485 510 1524 inter
523 1484 627 1526 monachos
643 1486 704 1526 edica
731 1484 804 1526 Vexati

50 1554 120 1594 sunt'
114 1564 133 1592 rn
157 1551 199 1591 dies
223 1551 244 1590 et
267 1552 317 1590 orr'rni
340 1550 396 1590 modo
413 1550 499 1591 lacessiti
515 1550 613 1592 lacebitae
633 1566 644 1593 a
663 1550 804 1592 lllahonretanis

51 1619 169 1673 principibus
183 1618 204 1657 et
217 1616 240 1656 ab
254 1616 405 1669 imperatoribus
418 1617 536 1658 Graecorum
544 1614 572 1671 ²).
598 1608 740 1671 blpisooporum
753 1613 805 1657 nonss

52 1686 99 1726 nulli
112 1686 131 1725 in
145 1694 234 1725 carceres
247 1684 339 1732 coniecti;
357 1683 390 1723 alii
403 1696 430 1723 er
443 1685 522 1724 sedibus
536 1684 624 1737 depulsi,
643 1692 709 1725 onmes
722 1685 803 1737 denique

24 1741 27 1746 ⁷
53 1752 157 1795 Christiani
176 1750 301 1790 intolerandis
321 1751 456 1791 exactionibus
474 1762 612 1803 saepenumero
631 1751 704 1792 afflicti.
734 1751 803 1805 lilitio-

52 1832 84 1860 res
103 1819 180 1870 experti
193 1818 243 1855 suni
261 1803 348 1856 Flaccos
362 1817 388 1854 in»
395 1817 549 1869 Mesopotamia,
570 1818 681 1858 Palaestina
693 1818 715 1857 'et
729 1816 803 1868 Cypro.

10 1895 14 1898 ’
52 1885 93 1927 Sed
107 1884 163 1925 ,aliae
187 1882 322 1923 iterumalias
341 1885 462 1935 exceperunt
480 1883 563 1936 plagas,
586 1895 645 1936 quare
665 1885 708 1937 quis
727 1883 806 1923 tandem·

52 1954 141 2003 miretur,
162 1950 257 1990 nationem
278 1950 302 1988 ad
317 1950 392 1988 nihilum
410 1951 452 1989 iere
466 1951 574 2000 reductam,
593 1963 641 2003 quae
661 1950 704 1989 olim
722 1951 803 1988 maxima

52 2017 124 2072 suiv).
152 2017 250 2068 Tempore
265 2016 357 2066 Gregorii
375 2016 431 2056 Xlll.
446 2028 501 2067 [saec.
519 2015 583 2055 XVll.
599 2018 626 2056 ita
639 2017 754 2055 describitur
768 2015 811 2072 ll?

53 2087 158 2126 cubiturum
177 2084 240 2123 status
255 2095 266 2121 a
282 2083 349 2121 nuncio
366 2082 387 2120 ei
400 2082 502 2121 visitatore
515 2081 614 2121 Romano:
633 2082 710 2132 „Natio
723 2081 801 2121 lucebi-

52 2153 91 2190 liea
108 2150 198 2200 dispersa
213 2149 244 2187 est
257 2159 293 2199 per
309 2148 411 2198 ciuitates,
431 2148 495 2187 terras
510 2148 530 2187 et
544 2147 615 2199 oppida
630 2147 714 2198 Syriae,
732 2146 802 2185 illeso-

118 2286 137 2343 l)
149 2298 174 2335 ci.
185 2299 292 2333 itinerarium
304 2297 386 2332 hrrtoninl
397 2300 476 2343 mar-ipris
487 2299 505 2331 iu
516 2296 585 2342 Ugelini
596 2299 661 2344 antiqq.
671 2301 712 2332 tom.
724 2296 760 2332 Vll.

118 2367 138 2409 2)
150 2364 175 2401 Gi.
187 2362 287 2409 Ercer'pmm
297 2363 376 2400 iilrrorrici
384 2362 514 2399 Bor-nemaei
522 2362 543 2398 de
551 2361 623 2397 Halrimo
632 2360 717 2406 Chaliplra
724 2364 742 2397 in
750 2362 803 2398 (ihre-

50 2419 144 2455 stonrailria
153 2418 281 2465 Roeeligeriana
292 2429 331 2464 pag.
342 2425 370 2455 27.
861 2421 862 2425 ’

117 2484 137 2529 3)
149 2483 217 2530 Lingua
228 2483 300 2529 Syriaca
315 2485 333 2518 m
345 2481 395 2527 Syria
407 2490 508 2517 evanescere
520 2479 581 2524 coepit
603 2478 717 2514 Iacobiiarum
728 2482 803 2525 patriar-

53 2541 85 2576 cha
92 2540 207 2576 Antiochenus
217 2538 295 2583 Ignatius
307 2542 324 2572 et
333 2536 457 2572 alexandrinus
466 2536 540 2581 ilprillus
551 2537 596 2569 inter
607 2546 626 2569 se
636 2537 689 2571 rixati
700 2540 739 2569 suni
748 2536 803 2580 (circa

53 2605 69 2628 a.
85 2595 137 2639 1200)
153 2604 175 2628 ca
190 2593 210 2627 de
222 2601 274 2626 causa
287 2592 332 2636 qued
343 2591 436 2635 Aegyptius
448 2591 546 2633 episcopum
559 2589 669 2624 ordinaverat
680 2584 803 2635 Hierosolymi-

52 2653 115 2685 tanunr.
137 2648 188 2694 Multi
200 2649 244 2683 enirn
255 2648 298 2681 iuris
311 2647 363 2691 periti
373 2646 411 2680 Ace
399 2645 479 2692 gppiii
465 2644 495 2679 illo
508 2647 585 2688 tempore
596 2642 719 2689 Hierosolymis
730 2654 803 2680 commo-

53 2707 110 2737 rantes
126 2704 147 2738 ‹le
165 2703 214 2747 Spris
232 2703 317 2746 episcopis
333 2702 422 2745 conquesti
443 2689 502 2742 erant,
521 2699 567 2745 quod
580 2700 620 2734 eb'
616 2702 658 2745 rpsis
673 2703 744 2744 propter
755 2699 802 2733 diffe-

54 2757 126 2791 rentiam
136 2757 220 2795 sermonis
232 2766 266 2790 non
278 2758 324 2790 recle
334 2755 381 2800 pasci
393 2757 469 2799 possent.
530 2767 536 2772 ·
