1786 3062
766 112 840 188 59-

45 251 109 299 darium
130 252 205 303 studio,
225 254 243 293 in
262 255 344 306 mystica
362 255 541 308 contemplationum
559 258 612 307 arte,
632 256 709 297 ferrida
721 257 794 298 denium

45 320 66 358 et
81 319 200 360 exuberante
216 321 319 370 imaginum
334 323 354 362 et
368 321 510 374 phantasiarum
525 322 671 374 foecunditate,
681 323 793 376 bisinquam

23 411 25 413 .
45 383 134 423 laudibus
153 385 306 438 Mesopotamiae
327 389 346 428 et
364 388 435 440 Syriae
453 387 539 428 monaehi
557 389 633 428 ceteros
653 390 793 431 orunesiaeile

45 454 167 501 superarunt.
198 453 279 492 Prinunu
299 455 351 507 quood
371 456 429 495 sciam
448 455 583 502 monasterium
603 456 622 493 in
641 455 712 495 lulensi
729 460 793 499 nronte

45 518 96 575 aprrd
115 514 190 557 Nisibin
206 522 325 561 exstructum
342 524 385 573 est,
405 534 431 560 ex
446 534 483 574 qno
499 520 571 572 prodiit
586 519 668 559 lacobus
683 521 793 577 Nisibenus,

34 584 150 636 -episcopus
166 585 264 638 inclytos,
288 589 341 627 errius
360 588 465 639 discipulus
486 586 581 640 blplrraem
598 586 662 636 Syrus
676 588 794 642 lldesseuus,

46 650 99 689 uitae
119 653 235 693 monasticae
248 652 343 694 laudator.
370 654 423 695 Inter
438 654 533 701 diremitas
547 652 631 693 lulianus
646 652 796 696 Sabanotissi-

46 730 98 768 rnus,
123 719 155 770 qui
172 732 199 758 ex
212 719 315 759 solitudine
329 720 450 776 Antiochiam
465 723 547 760 vocatus
563 722 594 759 cst
608 721 632 759 ad
644 720 729 761 ,arianos
745 735 794 762 eon-

29 783 144 835 'futandos,
166 776 203 834 quo
227 788 313 834 ternpore
333 784 425 824 Melenos
445 784 555 824 aValentc
573 786 620 823 sede
637 788 722 825 remotus
744 789 794 828 erat.

44 848 134 889 lilonachi
153 852 215 888 auteur
233 850 311 901 primurn
325 849 413 901 plerique
431 849 489 888 rudes
504 851 524 888 et
539 853 642 901 agrestes,
660 852 743 890 ferarum
758 866 794 892 so-

45 914 79 964 cii,
94 928 139 953 mox
152 914 316 966 studiisoper'am
330 916 436 965 dederunt,
448 916 475 954 ita
490 916 512 953 ut
526 916 605 953 omnium
614 916 708 966 Syrorum
724 920 795 969 postea

45 980 134 1032 magistri
148 980 216 1019 licrent
228 983 247 1021 et
262 982 439 1033 episcopiquoque
455 993 481 1020 ex
495 983 617 1030 monasteriis
631 983 689 1021 acciri
701 978 795 1024 solerent.

45 1044 149 1084 Maximam
167 1045 230 1085 aaran
246 1047 322 1086 Edessa
339 1047 414 1085 landerro
432 1048 489 1086 nacta
506 1049 538 1085 cst
554 1046 633 1086 scholae
649 1050 669 1086 et
687 1047 794 1088 doctrinae.

45 1112 164 1164 scripturam
182 1113 209 1151 ibi
228 1113 263 1152 iam
283 1125 334 1153 saec.
349 1115 412 1154 tertio
428 1113 566 1164 interpretatus
581 1126 626 1153 esse
641 1114 710 1153 dicitnr
724 1114 795 1155 lilaea-

44 1176 125 1232 rius¹);
150 1192 203 1219 saec.
222 1181 290 1232 quarto
304 1179 424 1231 Ephraenms
435 1179 529 1229 innotuit,
547 1179 597 1217 inter
609 1180 673 1233 Syros
687 1180 804 1220 celeberri-'

44 1256 85 1284 linus
100 1246 190 1285 librorum
202 1257 301 1285 sacrorum
314 1246 422 1300 interpres,
442 1243 541 1295 Syrormn
551 1244 646 1296 propheta
660 1245 729 1284 dictus.

110 1312 157 1350 llum
176 1314 239 1352 euntem
259 1312 283 1352 ad
301 1312 356 1351 finem
375 1312 423 1352 baec
437 1311 499 1355 ornnia
511 1312 647 1363 exposuimus,
667 1314 688 1351 ut
700 1307 795 1363 Syrorum

44 1378 146 1417 ecclesiam
162 1376 235 1429 ¹primis
245 1428 247 1430 ι
258 1380 294 1417 iam
313 1379 431 1429 temporibus
453 1377 541 1415 mraxime
555 1378 617 1415 fuisse
635 1377 757 1426 divulgatam
775 1382 795 1420 et

45 1444 141 1484 excultam
163 1445 217 1484 certo
237 1445 372 1494 cognoscatur.
399 1443 468 1495 Neque
484 1442 533 1480 eninr
549 1439 585 1480 boc
598 1442 738 1491 negligendum
752 1448 795 1493 est3

45 1522 87 1548 nam
103 1512 196 1561 apparet,
215 1511 235 1549 in
249 1510 308 1561 Syria
323 1509 444 1562 quaerendas
460 1519 504 1546 esse
518 1507 617 1546 multarum
630 1519 693 1547 rerum
708 1511 795 1559 origines

44 1577 65 1615 et
82 1575 209 1628 incrementa,
233 1587 282 1630 quiae
304 1576 383 1616 saeculo
401 1576 459 1616 tertio
478 1575 498 1614 et
511 1576 579 1627 quarto
594 1575 613 1613 in
627 1575 724 1621 ecclesias>
735 1576 795 1617 Occi-

44 1642 132 1682 dentales
145 1646 273 1695 propagatae
284 1643 380 1684 ecclesiae
393 1640 612 1683 liciniano-catholicae
627 1641 749 1682 fundamenta
763 1644 795 1682 ie-

45 1709 119 1748 cerunt.
151 1708 245 1749 Graeciae
270 1711 291 1762 et
307 1708 376 1750 ltaliae
398 1708 466 1749 ineolis
483 1708 538 1746 nirms
556 1706 629 1747 alienae
646 1709 666 1747 et
684 1709 795 1758 incognitae
820 1753 822 1761 Α

46 1777 102 1814 erant
119 1786 152 1814 res
171 1774 303 1822 Christianam
327 1788 386 1829 quare
402 1777 419 1814 si
434 1777 494 1814 animo
510 1787 547 1821 non
560 1776 602 1813 toto
617 1774 721 1813 doctrinam
735 1774 795 1826 Apo-

46 1841 138 1880 stolorum
158 1841 251 1878 sineeram
267 1842 288 1880 et
302 1842 358 1880 unice
372 1852 439 1881 ueram
456 1840 539 1893 amplexi
554 1839 619 1888 erant,
637 1838 696 1879 facile
709 1839 795 1880 Iudaeo-

45 1919 85 1946 rum
103 1907 202 1946 icrmentis
221 1907 363 1954 inficiebantur3
389 1909 446 1960 atque
464 1907 491 1946 Ita
510 1907 580 1946 factum
601 1906 644 1956 est,
666 1906 688 1944 nt
707 1906 796 1958 quaein

46 1974 156 2013 Palaestina
168 1975 189 2012 et
199 1972 269 2024 Syria,
286 1973 318 2012 ubi
332 1972 399 2013 ludaei
412 1985 459 2011 suae
474 1972 597 2024 disciplinae,
616 1972 656 2009 suis
671 1972 738 2010 ritibus
752 1984 795 2011 rno-

45 2040 137 2092 rlbusque
156 2039 248 2091 plurimos
262 2040 293 2078 diu
307 2040 442 2089 subiecerant,
459 2040 555 2078 ecelesiae
570 2039 629 2075 lomna
644 2040 690 2086 post
704 2037 796 2088 Aposto-
845 2041 847 2047 ’

44 2105 75 2144 los
95 2108 182 2145 mortuos
203 2107 302 2158 apparuit,
323 2106 382 2143 totum
399 2104 470 2153 deinde
490 2105 582 2142 terrarum
601 2100 666 2140 orbem
686 2101 796 2142 obduxerit.

46 2170 110 2209 Deest
132 2172 240 2214 accuratior
260 2170 299 2209 illis
324 2182 350 2220 cx
368 2169 486 2219 temporibus
505 2169 630 2208 eeclesiarum
648 2163 739 2217 historia3
761 2170 797 2210 sed

46 2248 96 2290 quae
109 2238 128 2276 in
140 2236 200 2288 Syria
214 2235 325 2277 occidentali
339 2236 454 2286 viguerunt,
470 2247 535 2291 eorunm
549 2236 685 2274 aenmlationes
697 2238 718 2275 et
727 2248 796 2274 exeni-

46 2303 80 2356 pla
100 2303 166 2356 primis
185 2304 221 2342 iam
239 2301 322 2341 saeculis
336 2302 354 2341 in
370 2301 430 2353 Syria
446 2301 535 2341 orientali
550 2303 643 2351 grassata
658 2313 704 2340 esse
719 2313 797 2353 cogno-

47 2371 125 2412 scimus.
152 2369 276 2411 Plurirnarum
290 2380 364 2420 rerum,
385 2382 433 2422 quae
447 2369 499 2409 sedis
513 2368 611 2408 Romanae
625 2370 696 2419 postea
713 2369 797 2410 decretis

48 2439 134 2478 sancitae
150 2438 204 2488 sunt,
218 2436 305 2484 origines
319 2437 338 2475 in
352 2435 431 2475 Oriente
445 2448 483 2475 non
496 2436 569 2475 frustra
583 2434 671 2487 requires
681 2430 708 2489 ²).

98 2642 101 2650 ¹
115 2604 134 2647 1)
149 2604 175 2638 lta
191 2604 253 2648 legitur
264 2602 284 2634 in·
294 2602 330 2635 uita
340 2601 413 2636 Luciani
423 2600 520 2646 presbyteri
532 2604 549 2635 ei
560 2602 650 2645 martyris,
667 2601 696 2644 qui
709 2609 754 2639 anno
765 2603 799 2635 312

48 2667 110 2702 passus
122 2663 148 2694 ost
159 2662 175 2694 ct
186 2661 223 2704 ipse
234 2656 329 2692 biaoariam
341 2656 427 2704 audivisse
440 2655 507 2693 dieitur,

65 2740 68 2751 r
113 2724 134 2766 2)
145 2722 263 2768 Episcopatus,
276 2722 363 2766 liturgiae,
374 2721 441 2756 aedium
449 2724 536 2764 structura
544 2720 573 2761 (ci.
582 2704 633 2753 lliriii
641 2718 706 2753 Orioni,
713 2716 757 2750 Bibl.
767 2715 799 2750 Th.

49 2780 92 2821 1011-
100 2777 142 2821 60.),
151 2778 280 2823 martyrologia,
288 2776 329 2810 libri
339 2776 438 2821 apocryphi,
446 2785 499 2820 porro
507 2775 597 2810 lectionum
606 2774 723 2808 recitationum
733 2774 800 2805 carnus-
811 2787 813 2789 ·
