1786 3062
749 177 774 219 13

28 313 57 340 rna
77 298 173 340 scribendi
190 278 301 346 carucatam,
314 306 363 334 ¹cum
376 291 523 344 hieroglyphice
540 293 563 331 ab
579 291 633 330 initio
648 290 773 340 coniunctum,

27 366 127 418 Babylone
147 366 223 417 primum
243 361 345 403 adhibitum
361 373 406 402 esse
421 361 510 413 putatur3
520 359 598 409 religio
612 358 693 410 denique
708 356 774 407 Syro-

27 447 67 474 rum
86 434 108 473 'et
126 431 241 472 Phoenicum
259 440 294 467 arna
309 419 355 467 cunr
364 425 487 479 philosophia
502 425 580 476 quadam
593 426 680 478 practica
695 424 715 463 et
731 434 774 477 uros.

27 501 101 541 nastiea
119 511 130 537 a
148 497 282 537 sacerdotibus
300 494 413 546 Babyloniis
432 490 520 532 instituta
537 491 557 529 et
574 493 686 542 propagata
705 491 737 530 est
755 487 773 542 J.

27 567 87 614 Erant
100 566 147 604 euim
164 564 265 614 religionis
280 563 301 601 et
314 561 421 600 litterarum
436 555 501 594 studia
514 558 568 595 certo
583 558 603 595 et
618 557 707 596 distincto
722 568 774 609 pon.-

1 628 6 663 Ϊ
28 632 96 673 tiiicum
117 630 177 670 ordini
201 630 311 680 coimmissa,
335 626 367 678 qui
385 633 446 674 aeque
466 633 488 661 ac
509 622 610 672 pontiilces
630 621 774 673 Aegyptiorum
817 625 818 628 ’

62 698 133 736 inarum
159 698 237 735 onmium
262 687 422 739 humanarumque
445 700 506 726 rerum
529 688 617 737 magistri
636 689 714 739 proprio
733 689 774 727 inre

65 763 138 813 stituti,
162 761 261 812 disciplina
281 760 343 797 autem
363 755 383 793 et
400 753 495 793 elassibus
512 755 562 794 inter
582 766 627 793 sese
644 754 739 796 distributi
755 758 775 795 et

62 841 97 867 aua
120 828 221 866 traditione
245 822 344 863 scientiam
368 823 514 872 propagantes,
543 822 602 862 totius
621 821 682 861 Asiae
704 822 775 873 doctof

83 891 208 929 exstiterunt.
240 889 277 928 Hic
295 889 357 927 auteur
374 882 449 938 gravis·
460 888 480 925 et
498 887 616 938 perdifficilis
634 888 694 927 oritur
712 900 790 940 ‹prrae->

71 985 77 1007 ‚
99 956 195 995 cuiusnam
218 955 284 1004 gentis
305 955 324 993 et
346 954 412 1005 stirpis
430 953 532 1003 Babylonii
552 965 654 1006 eorumque
672 954 774 1016 pontifices
835 951 845 978 ²

0 1046 7 1078 321
26 1024 111 1077 primitus
131 1021 214 1072 luerint,
236 1021 329 1060 undenam
350 1019 439 1076 adnecti,
460 1031 509 1071 quae
526 1021 585 1060 luerit
604 1014 672 1070 lingua
690 1021 774 1072 ipsorum

27 1080 113 1142 patriai
143 1086 233 1125 Nimirum
259 1089 354 1127 vocantur
372 1086 473 1138 pontifices
494 1086 643 1139 Babyloniorum
663 1099 674 1127 a
695 1087 775 1128 Graecis

27 1155 156 1204 Romanisque
170 1154 296 1205 scriptoribus
310 1156 420 1202 Xenonem,
440 1151 540 1193 Chaldaei.
568 1153 634 1193 Habes
648 1153 694 1192 illud
705 1166 776 1193 oracu-

27 1222 64 1260 lum
77 1219 128 1274 apud
141 1218 232 1258 lustinum
247 1221 266 1258 in
280 1221 329 1259 orat.
341 1221 442 1272 paraenet.
458 1220 576 1271 adgentes:
590 1218 661 1271 „Solis
672 1218 775 1259 Chaldaeis

0 1305 6 1338 ο
29 1287 125 1338 sapientia
145 1287 216 1336 cessit,
240 1285 325 1325 Hebraei
344 1309 372 1322 ‚—
389 1286 495 1335 ingenitum
510 1298 578 1336 regern
595 1287 659 1325 nreute
674 1286 774 1338 Deumque

29 1351 112 1392 colrint.“
141 1351 213 1391 Testis
228 1353 300 1403 primus
318 1354 338 1391 et
356 1353 412 1405 qirasi
432 1351 529 1402 choragus
549 1352 663 1403 scriptorum
677 1352 775 1393 Occiden-

29 1407 134 1470 taliurrr²]',
156 1418 187 1470 qui
205 1430 242 1458 rum
261 1431 294 1458 ore
315 1417 689 1475 Chaldaeorumsapientiamlaudant,
708 1417 774 1457 Hero-

29 1485 85 1524 dotus
104 1486 145 1541 est,
164 1486 196 1536 qui
211 1484 224 1522 l.
240 1484 260 1535 1,
278 1484 316 1540 rel
331 1484 395 1537 ἱερέας
408 1480 557 1536 Babyloniorum
575 1486 688 1531 Χαλδαίους
704 1483 775 1535 appel-

27 1551 63 1591 lari
82 1550 160 1603 scribit,
182 1563 204 1590 eo
223 1552 286 1602 inagis
307 1551 412 1592 amiiendus
431 1553 500 1604 utpote
514 1551 546 1604 qui
560 1551 603 1603 ipse
618 1551 720 1602 Babylone
734 1563 775 1591 cum

27 1617 148 1669 pontificibus
164 1618 203 1656 illis
224 1621 315 1657 versatus
335 1619 368 1655 sit.
397 1618 440 1655 Bos
454 1618 532 1664 tradere
546 1619 612 1656 narrat
628 1617 697 1656 sinrilia
713 1629 776 1670 quae-

0 1671 4 1722 ᾗ
29 1683 70 1722 dam
84 1682 229 1734 Aegyptiorum
243 1682 375 1734 pontificibus,
395 1683 445 1735 quoe
459 1683 566 1722 accuratius
582 1684 661 1734 exponit
671 1683 776 1734 Diodorus,

2 1754 4 1777 :
29 1750 61 1801 qui
77 1747 186 1788 Chaldaeos
203 1751 347 1789 vetustissimos
360 1749 467 1799 Babylonis
481 1749 554 1788 incolas
562 1750 615 1788 facit.
646 1748 775 1789 Callisthenes

28 1814 165 1867 philosophus,
183 1815 292 1855 Alexandri
307 1815 334 1854 M.
348 1827 426 1866 comes,
445 1814 543 1866 reperisse
557 1827 579 1853 se
595 1815 663 1855 scribit
675 1816 775 1868 Babylone
789 1854 792 1863 „

0 1884 6 1933 ,ζ
30 1880 170 1921 Chaldaeorum
187 1882 335 1923 ohservationes
351 1880 481 1930 astrologicae
498 1881 522 1920 ad
540 1883 627 1933 tempora
645 1895 706 1935 usqne
724 1883 776 1923 Ale-

0 1941 5 2001 ἶ
29 1948 97 1987 xaudri
115 1951 184 2000 χιλίων
203 1948 251 1990 ἐτῶν
270 1952 302 1989 καὶ
320 1948 447 1988 iro-caueretur
463 1948 527 1998 τριῶν.
547 1947 667 2000 [Simplicius
683 1950 707 1989 de
721 1951 776 1991 coelo

28 2014 41 2053 l.
55 2013 91 2068 rip
119 2015 161 2055 Sed
181 2016 200 2055 id
220 2017 293 2068 ipsum,
314 2014 423 2055 Chaldaeos
443 2013 563 2065 Babyloniae
577 2018 688 2067 prinraevos
702 2017 776 2057 incolas

28 2082 100 2134 fuisse,
118 2094 129 2121 a
147 2082 246 2134 plerIsque
264 2083 282 2121 in
303 2081 378 2120 dubium
399 2083 493 2131 vocatur,
513 2092 573 2132 qnare
589 2081 626 2119 etsi
644 2082 776 2134 Babylonicac

30 2148 161 2198 astrologicae
177 2147 256 2187 scholae
270 2149 401 2199 antiquitatem
417 2146 533 2195 concedant,
554 2145 694 2187 Chaldaeorum
712 2151 776 2190 tanuen

1 2206 6 2258 ἕξ
30 2224 97 2253 nomen
110 2227 180 2254 novum
194 2214 265 2253 habent
278 2217 298 2252 et
311 2224 379 2251 reeens
396 2215 464 2251 ortum
490 2212 566 2265 Quippe
581 2214 685 2255 insinuavit
698 2228 720 2255 se
734 2218 776 2256 fere

30 2280 114 2320 ommibus
135 2282 253 2333 antiquitatis
274 2277 421 2328 indagatoribus
439 2279 473 2317 illa
493 2279 568 2330 opinio,
594 2292 648 2332 quam
668 2276 776 2334 prinms'ni

0 2336 9 2372 ³⁶³
49 2345 86 2386 llor
100 2348 212 2388 Perizonius
225 2347 305 2400 protulit
315 2342 345 2398 ³]‚
363 2343 472 2385 Chaldaeos
487 2358 532 2385 esse
547 2350 627 2396 gentem
638 2348 689 2387 illam
703 2350 777 2389 ⁴irrore-

96 2530 115 2574 1)
131 2531 213 2567 Chaldaei
225 2537 264 2578 περὶ
275 2531 297 2566 τα
309 2531 351 2565 aare
368 2527 516 2573 φιλοσοφήσαντες
532 2532 639 2565 oraculorum
651 2532 690 2568 Beli
705 2538 722 2568 ct
736 2535 777 2569 reli-

71 2587 75 2593 '
99 2588 102 2594 ’
123 2583 205 2631 crprcies'.
228 2587 254 2623 Cf.
266 2586 334 2622 Arriam
346 2583 426 2626 vll,1a.
449 2583 536 2619 Stanlcins
548 2585 590 2620 Phil.
602 2585 667 2623 Orioni.
680 2588 690 2624 l.
702 2588 715 2622 la

95 2652 116 2689 2)
132 2650 157 2685 Gr.
168 2652 227 2687 inlinan-
238 2650 257 2686 R.
269 2651 295 2687 W.
307 2661 321 2685 s,
334 2660 359 2690 v„
376 2649 404 2692 qui
416 2646 528 2690 Strabonem,
543 2649 613 2685 Diodor.
625 2651 710 2694 Siculum,
728 2651 776 2687 Cice-

128 2708 227 2747 marianum,
245 2706 346 2740 Clementem
356 2702 403 2736 Ater.
418 2702 495 2747 aliosque
508 2703 572 2737 laudat.

94 2768 114 2812 3)
130 2768 190 2815 Origg.
202 2769 286 2815 Babylon.
308 2765 389 2802 hildenda
402 2774 441 2809 pag.
453 2769 490 2804 366-
514 2765 613 2803 Perizonius
624 2771 662 2814 ipse
674 2775 740 2807 secutus
750 2775 777 2806 cst

65 2830 86 2855 uo
100 2824 149 2858 modo
161 2824 261 2864 Kimchinur.
793 2824 794 2827 Ἰ
