1786 3062
717 261 722 270 ⁴
765 270 797 330 nr¹
828 258 836 290 ἑ

41 398 137 439 duxeruut
158 395 234 445 Syros,
257 390 370 444 proselytae
395 389 443 428 euim
466 388 558 441 plurimos
584 384 678 425 feceruut.
714 382 793 422 Ournino

43 465 130 514 constat,
153 461 236 500 iudaeos
255 458 326 510 ubique
346 458 364 497 in
382 455 526 498 Seleucidarum
544 454 564 492 et
579 450 709 491 Romanorum
724 453 794 501 postea

0 546 2 583 j
43 530 122 581 imperio
141 528 241 578 dispersos
261 525 350 571 virtsse3
371 524 467 564 Seleucus
488 520 542 571 ipse,
567 518 684 569 Antiochus,
707 518 739 557 alii
758 516 794 556 lu-

1 588 3 611 ³
46 598 117 647 dacos,
143 594 164 632 ut
182 592 267 631 colunias
283 590 385 641 ducerent,
404 587 534 639 impulerant,
544 586 605 622 ratam
618 583 712 624 hahentes
726 597 793 624 'corum

43 664 98 702 iidem
123 662 143 700 ei
163 661 306 709 strenuitatem,
330 670 387 710 quum
411 656 435 693 de
455 653 550 701 Syrorum
570 652 633 688 urente
657 651 677 688 et
697 651 793 700 reiigione

44 728 152 767 debltareut
170 724 187 779 J.
242 734 244 736 ’

0 779 6 837 l
109 793 148 833 laur
162 798 223 842 uere,
238 791 269 844 qui
283 790 393 838 linguarum
403 791 456 822 ‘usus
471 778 531 822 luerit
544 784 562 821 iu
577 783 620 834 ipsa
633 781 741 833 iudaea,-
755 792 795 822 ex-

5 847 8 851 *
58 860 147 898 iuremus.
178 858 244 897 ludaei
269 854 348 893 exsules
365 851 483 902 iu‘patriam
496 851 578 903 reuersi
597 860 653 888 aures
671 848 795 902 ltnguarnq'uc

58 927 135 963 ssuetas
150 923 258 962 imbuerunt
271 918 353 957 sermoni
367 915 463 954 Araumeo
478 927 540 966 neque
555 915 676 953 dubitandum
690 918 732 966 est,
751 918 794 968 quin

61 989 111 1025 idaei
123 988 156 1025 illo
170 988 257 1037 tempore
265 990 309 1022 'nou
323 972 384 1020 sulum
399 981 417 1019 iu
432 981 544 1020 commercio
559 994 601 1021 cum
612 981 678 1040 Persis
688 984 713 1031 ,et
724 982 794 1022 Sama-

0 1049 5 1078 ’ἶ
45 1046 141 1104 ritanis²J
161 1052 196 1091 sed
217 1052 273 1091 etiem
292 1050 334 1089 vita
356 1048 435 1097 vulgari
450 1047 560 1099 plerumque
574 1048 642 1097 lingua
655 1046 752 1087 Ararnaea
767 1050 795 1086 usi

0 1121 5 1169 t
46 1114 89 1156 sint.
118 1117 228 1168 Prophetae
245 1116 331 1169 quidem,
352 1116 383 1166 qui
398 1113 524 1159 Serulralrelis
538 1115 623 1165 tempore
640 1115 660 1152 et
671 1114 741 1163 postca
756 1126 795 1152 ex—

46 1185 147 1235 stiterunt,
166 1184 263 1223 Hehraiee
281 1185 301 1223 ct
319 1182 395 1233 loquuti
414 1181 459 1219 suut
477 1184 497 1219 et
510 1181 640 1232 scripserunt,
659 1179 708 1218 urrde
724 1182 796 1220 certis*

47 1252 112 1288 simum
133 1252 176 1300 est,
196 1250 254 1302 patrii
273 1250 366 1287 sermonis
380 1247 469 1286 ¹ludaeos
489 1247 550 1286 adime
569 1257 661 1285 meumres
682 1248 702 1285 et
724 1248 797 1297 peritos

34 1311 113 1355 tuisse.
141 1316 182 1357 Seri
201 1315 233 1367 qui
253 1315 303 1354 llsre
315 1312 333 1364 ³)
351 1314 399 1354 duce
419 1314 438 1352 iu
457 1314 537 1365 patriam
554 1313 664 1363 redieruut,
684 1314 754 1354 diutius
769 1316 796 1354 illi

47 1384 125 1434 remoti,
147 1384 183 1422 vix
202 1394 267 1421 ornnes
284 1382 380 1420 Hebraiee
400 1381 495 1420 calluisse
510 1380 610 1431 videntur,
631 1382 699 1418 etamsi
713 1393 739 1419 cx
752 1381 796 1429 loeo

47 1448 151 1488 Neiremiae
169 1448 297 1487 vexatissimo
314 1460 330 1487 e.
350 1447 408 1498 Vlll,
430 1445 449 1485 8.
467 1449 521 1486 certe
542 1459 579 1486 nou
598 1446 682 1498 liqueat,
706 1448 742 1486 iam
758 1451 797 1487 tum

49 1527 97 1565 opus
111 1516 184 1564 luisse,
197 1516 218 1552 ut
232 1514 306 1563 Legem
320 1513 392 1565 pupulo
407 1513 490 1551 Levitae
505 1514 525 1551 ct
538 1512 723 1551 scrtbaeAramaiee
735 1514 797 1552 inter-

47 1582 170 1632 pretarentur
180 1575 207 1632 lJ.
237 1581 306 1619 lirraut
320 1586 394 1629 auteur,
409 1578 441 1630 qui
455 1577 568 1617 lrulaeerum'
583 1581 662 1627 gentem
676 1577 726 1616 iliam
738 1580 798 1619 llsrae

48 1649 68 1685 et
78 1646 182 1685 Nelreuriae
196 1656 289 1684 coaevam
302 1646 362 1696 probe
375 1647 462 1684 tenacem
476 1642 560 1682 labeant
577 1645 634 1696 patrii
649 1645 707 1683 rueris
723 1650 742 1685 et
754 1659 799 1686 ser·-

48 1700 125 1760 monis}
145 1713 211 1759 audias
230 1711 341 1750 Nelremiam
365 1711 486 1762 querentem,
509 1710 560 1762 quod
578 1711 650 1749 viderit
663 1710 751 1750 ludaeos
770 1711 799 1761 ser

48 1778 108 1830 Xlll,
125 1777 182 1833 Ἃ),
203 1780 236 1832 qui
255 1777 344 1816 rnulieres
363 1779 480 1828 peregrinas
498 1778 517 1816 in
535 1777 670 1816 ruatrimouiuru
692 1777 800 1832 duxissent,

49 1857 128 1898 quorum
150 1846 207 1885 lilreri
230 1847 318 1887 neminen
336 1844 461 1896 loquerentur
479 1849 541 1895 neque
557 1845 615 1894 periti
630 1847 696 1883 essent
710 1845 800 1897 loquendi

50 1910 153 1964 nra7m⁵J
186 1912 250 1965 Quare
274 1923 317 1962 quo
334 1911 404 1949 diutius
424 1910 526 1948 Persarum
546 1910 625 1960 imperio
645 1910 727 1948 subiecti
746 1914 800 1951 eraut

50 1977 128 2028 ludaei,
152 1990 175 2018 eo
192 1978 256 2027 inagis
269 1976 365 2016 Araruaea
379 1975 447 2025 lingua
463 1977 542 2015 ornuiuru
557 1977 659 2015 enrnmuuis
675 1979 695 2015 et
711 1977 801 2027 uulgaris

53 2097 182 2104 Μ.-

87 2190 89 2193 <
117 2171 136 2212 1)
148 2169 182 2204 Ios.
194 2170 258 2213 antiqq.
269 2168 310 2210 ΧΠ,
327 2173 343 2204 3.
356 2172 372 2215 t.
386 2174 401 2203 1.
415 2173 431 2203 3.
443 2177 468 2212 sq.
482 2167 502 2201 ule
514 2167 534 2201 B.
548 2166 560 2202 i.
573 2168 612 2209 vn,
627 2172 643 2204 3.
656 2171 672 2213 ξ·
685 2173 702 2203 3.

86 2249 88 2251 ’
118 2234 138 2276 2)
150 2232 296 2266 Samaritanorum
308 2232 383 2276 linguam
395 2233 463 2265 rutatum
476 2241 513 2264 esse
526 2231 583 2265 rlieuut
595 2242 616 2266 er
622 2232 703 2266 idiomate
711 2231 802 2274 Arunreeo,

53 2285 131 2320 Hebraeo
144 2289 223 2326 etiertio
240 2286 322 2331 quodam,
342 2286 386 2330 quod
399 2286 595 2330 ilrrtiraeumappeliant.
618 2287 722 2321 Samaritani
734 2288 803 2332 liuguae
827 2299 829 2305 ·
857 2315 859 2319 ,

52 2351 93 2375 suae
107 2350 141 2374 uua
155 2351 191 2374 eum
206 2342 278 2385 pristino
294 2340 384 2385 alphabeto
401 2343 444 2374 miro
460 2341 509 2374 uredo
527 2341 549 2389 ed
565 2341 610 2376 inme
625 2352 678 2387 usque
696 2342 739 2375 diem
754 2346 804 2375 terra*

52 2405 80 2430 ees
90 2395 162 2430 luerunt.

80 2500 82 2503 ,
118 2463 138 2504 3)
150 2461 175 2495 cr.
187 2471 248 2496 nornen
258 2462 319 2510 N'th„
334 2460 401 2494 titulum
412 2461 491 2511 &slim

119 2525 212 2572 tingitur
225 2527 375 2562 dereeediiiioili
391 2519 456 2577 'diff'biq
488 2527 578 2563 Terminus
599 2529 686 2563 teeimiens
705 2528 737 2562 luit
754 2528 805 2569 forte,

53 2581 120 2616 ruoilum
136 2582 204 2628 legendi
221 2582 413 2623 [instrumentorum
431 2588 527 2617 accuratum
539 2575 643 2629 significans.
666 2583 731 2618 Tamen
745 2583 805 2616 obser·
853 2587 855 2589 ’

54 2630 126 2669 vandum
148 2638 187 2679 est,
199 2639 217 2672 in
232 2638 274 2682 ling.
291 2636 349 2670 Chald.
367 2646 426 2671 uoeern
440 2637 484 2671 lraue
501 2640 691 2683 „irrterpretatieneru¹⁴
708 2637 806 2682 siguificare

55 2694 106 2735 atque
121 2701 142 2726 err
157 2691 273 2727 Rablainerum
287 2691 380 2725 traditione
396 2694 468 2737 anuqua
483 2696 515 2728 iarn
531 2693 585 2730 Esrac
602 2699 679 2739 ternpore
695 2693 757 2727 sarciam
768 2702 809 2743 cssq
832 2710 836 2714 »

55 2744 107 2791 Legis
120 2749 242 2792 expositionem
253 2747 359 2781 mamaeam.
383 2746 408 2780 (ir.
420 2746 458 2783 Esr.
470 2748 503 2791 lli,
516 2754 541 2786 18.

123 2821 141 2864 5)
158 2821 217 2867 Neque
228 2823 356 2856 interseruisset
363 2819 407 2854 Esra
418 2822 463 2857 libro
476 2834 507 2858 suo
520 2825 576 2868 eapite
584 2824 673 2858 uranum
684 2823 758 2866 seriata,
773 2821 807 2854 uisi

55 2871 97 2908 haee
112 2876 172 2921 lingua
184 2886 204 2911 eo
215 2880 292 2921 ternpore
305 2876 381 2910 umrrihus
393 2879 462 2922 engraitu
475 2878 540 2913 fuisset.
563 2877 636 2920 Nescio,
652 2889 678 2912 au.
686 2879 753 2911 trinam
763 2875 807 2909 Aru-

24 2934 26 2936 ’
57 2929 121 2965 trraoaur
133 2931 234 2967 lrulanoruru
246 2929 335 2967 dialectum
347 2930 436 2977 significet,
