1786 3062
757 162 784 201 rr
828 137 830 139 ’

34 299 71 341 quc
86 285 164 324 onmium
179 280 323 332 vicissitudines
338 276 459 329 Orientisque
474 276 633 317 satamiserrlma
646 274 683 313 rite
698 284 785 324 perpen-
836 282 838 286 ·

34 353 89 391 derit.
107 350 188 388 unaue
208 349 266 386 totam
286 345 376 383 lllncrnm
398 344 522 397 syriacorum
542 342 660 392 farraginem
677 341 720 380 lere
737 339 785 379 solis

11 421 12 424 ’
34 416 191 458 monasteriorum
205 413 295 453 claustris
310 407 416 451 debemus?
436 410 499 463 (iurare
518 420 541 447 ec
562 409 648 459 tempore
670 420 707 460 quo
721 406 785 446 Biblia

34 483 171 531 vertebantur,
190 478 303 519 Araruaeam
316 479 399 527 linguam
414 475 516 530 scribendo
532 474 581 511 sans
596 475 659 511 tritam
672 475 733 511 fuisse
748 484 785 511 non

35 550 148 588 dubitaturus.
181 545 262 585 Graecis
283 545 344 584 tarrren
364 542 434 583 litteris
454 539 544 580 advectis
564 538 584 577 et
602 537 681 576 lurrrdata
703 539 787 579 ecclesia
828 554 829 559 ¹

36 616 145 658 Christiana
162 624 242 663 prorsus
262 610 316 650 aliani
339 610 358 648 ct
372 618 443 647 ncvmn
458 617 520 643 rernm
535 603 672 660 Aruinaeavnm
688 604 787 651 condicio-

36 694 78 722 nem
92 680 193 720 exstitisse
207 686 244 717 non
260 689 309 729 opum
324 671 419 725 estquod
436 683 551 711 moneamus.

100 745 179 796 Duplex
191 745 253 784 anatem
268 754 331 782 rernm
345 740 394 777 ratio
411 749 437 776 ex
453 736 485 775 illc
500 737 586 788 tempore
599 735 736 785 distinguenda
746 737 788 781 est;

0 824 1 828 ’
35 813 100 853 incultis
115 813 163 850 enim
177 812 195 849 in
207 808 321 858 regionibus
335 803 428 845 Graecam
440 803 525 853 lingnam
538 804 595 854 plane
609 805 724 854 receperant
734 802 787 854 Syri,

0 862 1 867 ¹
38 880 57 917 in
69 878 111 915 aliis
122 887 171 914 vero
182 873 280 925 propriam
290 872 375 920 linguam
391 871 508 919 retinentes,
522 869 597 909 Graeca
611 868 701 919 exerupla
714 870 788 920 inanitati,

0 960 2 978 ³
32 928 56 981 in
72 941 181 979 nniversam
199 948 238 976 reru
260 937 373 976 litterariam
393 926 419 975 ad
436 935 553 985 Graecorum
568 935 655 974 instituta
670 937 690 974 et
705 946 789 974 eonsue-

2 996 4 1009 ἦ
39 1007 121 1049 tudinem
138 1006 257 1044 conformare
275 1003 387 1058 coeperunt.
417 1001 463 1040 lnde
484 1002 563 1041 diversa
580 1013 642 1040 rerum
657 1000 742 1040 condicio
760 1002 792 1051 est

38 1075 56 1112 in
73 1071 186 1121 regionibns
206 1073 245 1110 turn
263 1071 291 1109 eis
306 1069 422 1124 Euphratem
437 1070 475 1106 tum
490 1069 543 1107 trans
559 1079 601 1107 enm
616 1069 666 1108 sitis.
694 1065 717 1106 In
731 1066 791 1117 Syria

38 1139 158 1178 Damascena
178 1139 198 1176 ct
213 1134 335 1175 Antiochena
355 1136 422 1184 lingua
438 1133 535 1174 drainaea
554 1136 572 1179 in
586 1135 683 1187 plebeium
699 1134 720 1172 et
733 1144 791 1172 rura-

38 1205 75 1243 lem
92 1215 145 1242 nsum
166 1202 245 1241 detrusa
263 1204 283 1241 et
302 1203 405 1250 restricta,
428 1200 516 1239 lldessae
532 1202 552 1238 et
564 1202 583 1239 iu
596 1202 682 1251 plurimis
694 1199 791 1250 lilesopc-
820 1249 826 1252 κ

38 1269 108 1308 tamiac
124 1267 199 1318 oppidis
216 1278 253 1306 non
269 1267 329 1305 solum
346 1267 416 1318 nuliique
430 1266 513 1316 vigebat
528 1266 563 1305 sed
579 1268 635 1306 etiam
651 1268 669 1305 in
684 1264 756 1305 scholis
772 1267 792 1303 et

40 1333 141 1392 academiis
164 1333 188 1371 ad
212 1333 325 1383 disciplinae
345 1333 426 1382 regulas
443 1332 576 1371 excolebatur.
610 1332 674 1386 Quiane
694 1332 791 1383 puriorem
841 1331 845 1333 “

40 1400 100 1438 luisse
118 1398 203 1447 linguam
217 1397 330 1449 Ararnaeam
349 1399 368 1436 in
383 1398 524 1448 Mesopotamia
543 1398 647 1437 vcmsnane
667 1398 708 1446 cst,
727 1397 792 1446 impu-

39 1466 109 1504 riorem
127 1466 148 1502 et
167 1464 261 1502 rudicnem
279 1464 298 1501 in
315 1463 374 1513 Syria
390 1465 468 1515 proprie
486 1464 543 1504 dicta.
571 1463 647 1501 nterim
662 1474 698 1515 qno
713 1461 793 1513 propius

0 1523 1 1527 ¹
41 1544 81 1569 eura
101 1529 168 1577 lingna
184 1530 258 1569 Graeca
279 1528 405 1576 corniingelrat
419 1528 528 1578 Aruinaea,
554 1539 577 1565 eu
598 1529 688 1567 riraicrem
703 1528 793 1567 vocaliu-

41 1597 101 1636 lorum
119 1592 273 1645 suppellectilem
285 1606 311 1633 ex
325 1594 359 1634 illa
371 1595 407 1633 sili
424 1596 524 1645 assmpsit,
548 1605 571 1632 ec
588 1595 663 1634 facilins
676 1607 717 1634 carm
733 1594 792 1633 rebus

0 1676 3 1704 ῑ
42 1659 124 1700 Graccis
142 1661 216 1698 rroinina
235 1672 312 1711 quoqne
327 1659 402 1700 Graeca
422 1662 501 1700 civitate
513 1652 602 1700 donavit.
615 1662 617 1664 ’
631 1660 717 1700 Maxima
731 1661 794 1698 autem

1 1767 3 1769 ,
42 1730 59 1765 in
78 1725 233 1777 procuratioticne
248 1727 376 1776 dIscrepantia
394 1727 454 1765 variis
470 1726 487 1763 in
504 1726 617 1775 regionibns
632 1728 694 1766 luisse
709 1726 794 1764 videtur.

0 1806 3 1829 ῑ
42 1793 105 1831 Recte
119 1792 193 1843 quidem
207 1791 274 1840 lingna
283 1791 379 1847 Aruinaen
394 1793 415 1830 in¹
428 1793 536 1842 [arriversnm
545 1793 681 1843 uluzdcropog
690 1789 787 1844 dieitue¹J

43 1859 76 1897 sed
91 1858 140 1896 inter
155 1858 216 1908 ipsius
230 1856 324 1897 dialectos
339 1857 401 1897 altera
415 1857 494 1895 alteram
509 1856 594 1896 ruditate
608 1861 628 1897 et
640 1859 795 1910 pnormntiaticne

43 1925 93 1975 lata,
118 1924 173 1963 suasca
199 1925 219 1962 et
243 1922 310 1963 oliinsa
333 1924 439 1975 superavit,
472 1922 558 1962 lllarirne
576 1925 595 1964 id
614 1926 632 1963 in
653 1926 795 1966 ecrrsonantium

0 2002 2 2009 '¹
43 1992 147 2031 autumatione
167 1992 187 2029 et
206 1990 301 2029 vocalium
319 1990 445 2030 distractione
464 1992 484 2029 et
499 1992 643 2041 antiopa-assiam
658 1993 746 2031 accinitur.
774 1991 796 2030 ln

0 2066 2 2096 ὲ
45 2057 132 2097 Galilaea
148 2057 203 2094 aliam
218 2058 390 2107 pronuntiationem
404 2056 465 2095 inisse
484 2058 541 2107 atque
561 2058 579 2095 in
593 2057 664 2098 iudaea
678 2060 795 2098 notissiumm

0 2151 14 2181 ⁵,
44 2127 87 2175 est,
107 2134 155 2175 apinae
171 2123 276 2162 diversitas
289 2123 308 2159 ui
323 2122 380 2160 fallor
394 2122 476 2159 riraxime
491 2122 610 2163 ad‘vocales
624 2126 645 2163 et
656 2124 797 2168 litterassilii-

1 2193 3 2195 ’
43 2190 106 2230 latites
122 2189 215 2239 pertinuit
230 2185 256 2239 ²).
288 2187 317 2225 lta
336 2187 392 2226 lesus
411 2187 480 2226 dicitur
495 2188 618 2239 Ναζαραῑῡςς
635 2192 655 2229 nt
670 2203 719 2230 vero
734 2191 797 2240 caragis

1 2256 6 2299 J
44 2255 165 2304 ecnternptns
179 2255 264 2311 unctaque
279 2251 360 2291 vilitatis
374 2252 418 2292 lrnie
430 2254 499 2292 nourrini
515 2255 609 2306 impressa
625 2245 730 2308 appareat,
747 2258 798 2297 scri-

0 2325 2 2327 '
43 2322 94 2360 luitur
114 2331 246 2379 nnrrnunqnam
265 2318 289 2357 ab
306 2319 441 2370 nvaagensns
457 2320 573 2373 Ναζωραῖος
582 2320 609 2375 ³).
637 2323 686 2363 nrm
701 2336 744 2363 rrum
759 2336 798 2363 ve-

51 2410 179 2418 ...------

112 2453 131 2496 1>
142 2453 213 2487 Nolanus
225 2452 248 2485 ad
258 2450 295 2485 loli.
307 2455 327 2490 9,
340 2456 374 2487 13ιῑ
387 2452 464 2497 e'vdcaut'rp
478 2453 496 2487 δὲ
505 2451 612 2498 -Γαβαθεὶ
626 2440 799 2500 capititoaatsslpp

45 2506 146 2553 κικλήσκετο
158 2506 217 2553 paldm-
407 2517 409 2519 ’

0 2607 6 2620 1„
112 2573 133 2617 2)
149 2571 174 2609 Gi.
191 2581 234 2617 quiae
251 2568 341 2605 Grlmmius
356 2571 376 2605 ‹le
394 2572 489 2606 litterarum
504 2576 629 2618 aspiratarnnr,
647 2577 730 2607 nutrierunt
743 2576 759 2607 et
774 2576 800 2607 te-

46 2629 102 2662 nninm
118 2629 211 2662 mutatione
227 2624 306 2660 accurate
323 2629 339 2660 et
355 2626 403 2660 electe
421 2626 507 2661 disseruit.
530 2627 594 2662 Endera
607 2628 642 2673 lere
654 2630 698 2662 inter
711 2627 800 2663 Serraitieas

1 2687 7 2730 ’ᾗ
46 2682 114 2728 lingnus
126 2682 238 2717 dialectornm
248 2682 324 2715 varietas
338 2682 423 2722 corruitur,
439 2691 483 2727 qnae
496 2684 540 2717 inter
553 2681 725 2718 Indo-Germanicas
738 2688 755 2718 et
767 2684 800 2718 lin-

46 2747 90 2780 guae
103 2735 213 2776 Germanicae
224 2739 311 2772 variorum
324 2740 340 2770 et
351 2739 444 2781 temporum
456 2740 472 2771 et
484 2737 561 2773 luceriam
573 2740 631 2773 varlas
645 2738 715 2775 forinas,

111 2801 131 2845 3)
144 2802 170 2836 (il.
181 2800 254 2848 Γάδαρα
267 2804 283 2835 et
297 2799 377 2848 Γᾶιόωρα,
