1786 3062
744 72 784 116 ret
836 139 838 141 Ι

37 187 128 228 orationis
146 195 216 235 corpus
235 184 339 225 conveniat
357 196 398 231 oum
418 196 442 224 ea
457 184 581 235 Graecitate,
600 188 651 238 quae
664 184 683 222 in
696 183 784 234 profanis

0 248 9 278 3
35 250 161 303 scriptoribus
185 249 274 290 occurrit.
307 250 337 290 Ne
359 263 407 291 vero
429 252 533 290 metuamus
553 250 577 289 ab
595 261 661 289 eorum
682 249 783 300 conviciis,

35 319 66 370 qui
83 316 197 367 impuritatis
216 317 279 355 notam
298 316 369 356 litteris
383 316 460 356 Divinis
480 316 528 354 inuri
545 317 623 367 putant,
645 315 667 354 si>
680 314 737 356 stitus
755 313 781 354 N.

34 384 58 422 Τ.
71 394 122 421 rnere
135 381 222 437 Graecus
236 395 281 422 csse
292 385 377 434 negetur
387 382 412 436 ¹).
440 381 496 422 Sane
505 382 521 420 si
534 393 570 433 pre
580 380 704 421 barbarismis
713 383 783 423 essent-
817 420 821 428 ,

34 450 94 488 onmia
108 447 206 499 habenda,
226 449 316 502 quidquid
332 462 343 488 a
359 448 428 488 Graeci
442 447 536 486 sermonis
548 445 781 487 consuetudinealienunr
798 461 800 464 ’

34 515 76 564 est,
101 514 119 551 si
141 515 247 566 scriptores
267 514 337 555 Gracci
359 514 396 554 soli
415 515 482 553 essent
500 515 589 565 tarrquam
608 521 674 551 norma
692 511 781 552 dictionis

34 578 138 629 sequendi,
158 581 177 626 ,si
194 592 217 619 ea
232 581 275 620 sola
292 580 383 633 lrnrnana,
400 580 472 632 polita,
493 579 596 629 eleganter
609 569 630 617 et
642 576 693 616 bene
707 579 781 629 scripta

33 641 205 696 tranentu1·,'quae
225 645 275 698 apud
290 646 377 687 Graecos
391 633 523 698 reperiuntur,
535 644 615 696 “puiere
629 642 710 682 suffundi
724 643 781 684 nobis

33 708 131 760 vrtlerrrur,
153 711 204 762 qrrocl
223 724 234 751 a
253 712 336 752 barbara
354 713 426 761 gente,
450 711 469 750 in
486 710 568 750 barbaro
588 709 720 749 Hebraeorum
734 721 780 749 ser·

33 784 98 823 unone,
120 776 249 815 semibarbara
264 777 288 816 N.
302 777 328 815 Τ.
345 777 389 815 stila
403 776 449 815 fidei
462 777 542 815 nostrae
557 770 655 814 historiam
670 776 690 815 et
704 776 779 816 cocart-

32 843 74 876 n'arn
93 838 182 891 traditam
196 843 312 892 accepimus.
341 842 382 880 Sed
397 829 454 880 etiam
471 843 509 880 tum
523 842 558 891 its,
576 840 710 895 quiGraeeos
725 841 779 881 solos

32 902 138 942 laticlauios
158 914 203 943 esse
221 907 300 956 putent,
320 916 346 944 ex
365 905 445 945 Graecis
462 899 589 956 scriptoribus
607 903 686 955 probari
705 905 780 957 potest,

32 958 138 1016 locutiones
157 968 295 1020 Apostolorum
319 983 388 1024 tneque>
405 985 416 1011 a
437 970 513 1012 Graeco
535 970 615 1021 ingenio
636 959 709 1009 alienas
722 982 779 1023 esse,

31 1035 112 1086 reperiri
136 1037 201 1086 pretias
223 1038 300 1076 easdem
327 1027 377 1088 apud
398 1038 481 1088 optimae
500 1037 559 1076 rretae
576 1035 694 1087 scriptores,
717 1047 781 1091 neque

32 1101 110 1150 linguae
126 1102 302 1155 granrrnaticaeque
318 1103 406 1144 Graecae
422 1104 479 1153 leges
494 1101 578 1141 violatas
590 1112 635 1140 esse
650 1101 673 1140 ab
686 1101 779 1154 Aposto-

32 1167 63 1206 lis.
90 1165 164 1205 Tamen
184 1168 272 1208 dietiotris
290 1182 336 1209 suae
355 1170 438 1210 colorem
452 1180 490 1208 non
504 1170 541 1208 tam
556 1179 582 1206 ex
597 1165 678 1207 Graecis
691 1168 778 1219 scripto-

32 1233 84 1271 ribus
97 1234 205 1271 sumserunt
218 1236 307 1273 auetores
320 1236 382 1287 sacri,
397 1246 452 1287 quiam
467 1244 494 1273 ex
507 1232 533 1273 V.
548 1231 574 1271 a
587 1233 607 1272 et
619 1232 692 1283 linguis
707 1234 778 1275 Orien-

33 1298 110 1338 talibns.
139 1297 204 1349 Atque
224 1300 255 1352 qui
275 1302 336 1352 priano
354 1301 451 1340 oculorum
467 1300 533 1340 obtutu
548 1297 661 1338 barbarismi
676 1293 696 1339 et
709 1300 778 1342 soloe:-
820 1315 822 1319 ⁴

32 1364 84 1404 cismi
103 1364 201 1415 videntur,
224 1366 353 1417 sioriginem
374 1378 481 1419 causasque
500 1364 602 1404 interiores
616 1364 778 1418 investigaveris,

31 1431 98 1469 insitas
115 1429 186 1468 liabent
201 1431 295 1471 scintillas
315 1432 406 1486 quasdam
420 1432 509 1473 veritatis
524 1432 544 1471 et
559 1429 671 1481 elegantiae
685 1433 705 1473 et
717 1443 778 1473 aceu-

31 1496 144 1536 ratissimam
157 1508 218 1534 rerum
235 1499 391 1550 competentiam,
411 1510 469 1550 porro
484 1498 591 1548 imagines,
609 1497 678 1548 tropos
691 1499 712 1538 et
728 1498 778 1550 rlry-

31 1560 91 1601 tlrrnos
107 1563 222 1612 sequuntur,
237 1564 269 1614 qui
284 1564 385 1614 splendida
400 1564 491 1603 orationis
504 1559 613 1601 ornamenta
626 1557 694 1601 merito
708 1563 778 1602 tium-
814 1566 818 1569 ’

32 1627 67 1665 tnr.
100 1625 191 1666 Strbsidia
209 1628 269 1677 igitur
283 1628 307 1667 ad
321 1628 346 1666 N.
363 1629 389 1667 Τ.
406 1628 584 1680 interpretationem
597 1625 690 1667 habentus
706 1630 778 1669 certis-

31 1692 88 1730 sima:
106 1691 130 1730 V.
145 1691 169 1730 Τ.
184 1694 257 1745 textina
273 1693 392 1746 Hebraeum,
412 1695 521 1734 versionem
537 1692 699 1746 Alexandrinam,
718 1706 778 1747 porro

31 1753 192 1810 Targunttscas2)
216 1760 236 1797 et
259 1762 367 1815 versionem
391 1760 498 1811 Syriacam.
533 1758 654 1799 observetur
677 1760 738 1810 igitur
759 1763 778 1800 in

96 1920 114 1964 t)
125 1917 240 1965 ‘Lactantius‚
261 1926 299 1959 inst.
317 1924 350 1958 div.
367 1924 387 1968 V.
399 1933 413 1960 e.
426 1923 454 1958 l.2-
466 1922 528 1964 „liaeo
539 1923 621 1966 imprimis
633 1932 685 1956 eausa
697 1927 731 1964 est,
748 1933 779 1958 cur

31 1975 74 2020 apruni
87 1976 172 2018 sapientes
185 1980 202 2011 et
213 1977 272 2012 doctos
284 1982 301 2013 et
312 1980 397 2023 principes
409 1977 459 2011 liuius
471 1972 536 2010 sacculi
544 1975 632 2021 Scriptura
643 1975 661 2010 S.
671 1976 704 2011 ltile
714 1981 778 2019 careat,

32 2029 76 2074 quon
91 2029 187 2075 Prophetae
202 2032 274 2077 sinrplici
290 2043 310 2067 ae
322 2034 404 2068 communi
417 2040 495 2067 sermone
506 2034 525 2065 nt
536 2031 558 2065 ad
569 2032 649 2075 populum
660 2032 694 2065 sint
705 2032 777 2068 loeuti.“

31 2082 53 2116 Et
66 2083 118 2127 prante
133 2086 188 2120 inira:
206 2086 276 2129 „Nemo
293 2097 327 2121 rem
344 2090 417 2122 veritate
429 2085 513 2130 ponderat
524 2085 554 2119 seri
566 2089 633 2119 ornatu.
655 2084 695 2119 Non
707 2085 779 2120 eredunt

32 2147 73 2181 erge
90 2138 151 2173 [livinis
170 2142 211 2184 quia
225 2142 263 2176 ineo
281 2143 361 2177 carent.“
376 2163 398 2169 -
425 2138 473 2173 Plrilo
490 2141 591 2184 interpretes
607 2138 655 2174 LXX
670 2141 779 2188 excogitasse

33 2190 72 2225 dicit
87 2192 200 2242 aavapc'ponra,
210 2196 245 2232 soie
256 2193 347 2241 πράγμασι
358 2195 381 2230 cai
393 2193 482 2239 ὅνὸματα,
498 2194 559 2239 qrribns
570 2192 670 2238 ἒμφατικῶε
680 2196 715 2230 vitri
726 2194 779 2230 Hebr.

32 2256 90 2280 vocum
109 2249 228 2291 exprimerent.
255 2250 316 2285 Stilum
334 2251 421 2285 idioticum
436 2248 518 2285 §leserilrit
529 2247 631 2284 Aristoteles
642 2253 682 2294 accpi
693 2262 753 2293 ποιητ.
764 2258 779 2285 e.

32 2298 53 2334 ΙΙ.
69 2302 127 2343 utpote
144 2305 173 2346 quii
188 2303 207 2337 ia
218 2303 253 2337 τῶν
263 2305 327 2350 κυρίων
338 2303 430 2349 ὀνομάτων
441 2313 461 2338 ae
472 2303 529 2338 uerbis
541 2313 573 2338 usu
585 2305 668 2338 oommrmi
679 2306 725 2340 tritis
738 2307 786 2340 eon-'

32 2356 69 2388 stet.
91 2354 183 2400 Dionysius
194 2358 280 2393 llatiearn.
296 2364 336 2404 περὶ
350 2358 381 2393 τοῦ
391 2356 516 2402 Δημοσθενοῦς
530 2356 628 2401 δεινότητος
642 2360 679 2402 agit
696 2361 747 2394 etiam
759 2359 779 2393 de

32 2406 134 2444 characteris
144 2410 214 2455 Lysiaei
226 2414 343 2458 simplicitate,
357 2414 385 2459 qut
396 2411 419 2447 aci
430 2410 481 2447 notari
493 2415 523 2446 καὶ
536 2411 610 2458 ἐνμέσῳ
621 2414 691 2458 aetpcau
700 2411 780 2458 talpam

32 2461 64 2506 caia
77 2478 96 2498 aa
110 2465 192 2501 canaam
207 2466 243 2511 τήν
254 2466 325 2515 ἰδιώτην
339 2472 407 2505 secorius
423 2469 451 2503 sit.
477 2460 581 2514 Simplicitas
596 2470 679 2503 sermonis
694 2469 754 2504 biblici
769 2477 780 2503 a

31 2516 112 2554 Boeelero
130 2521 217 2557 delinitur:
238 2526 330 2569 conspicua
346 2525 446 2565 stercoritae,
467 2525 525 2558 innata
542 2522 740 2568 rutrrimeque'aliectata
753 2525 779 2559 vis

33 2575 49 2605 et
59 2574 164 2610 admirabilis
176 2569 294 2622 competentia.

96 2637 115 2683 1)
132 2638 205 2685 Scripsit
220 2641 286 2677 Tlreori.
303 2640 421 2687 Haolrspanius
438 2642 458 2676 rle
474 2652 506 2676 usu
518 2644 576 2687 script.
589 2640 626 2677 lud.
637 2642 656 2674 in
669 2640 714 2685 expl.
725 2640 779 2674 libro·
832 2681 837 2686 ‚

32 2695 69 2742 r'lttn
83 2691 103 2728 N.
120 2694 140 2729 Τ.
152 2714 174 2722 -
196 2695 306 2741 Lightt'ootus
322 2701 338 2732 et
350 2696 480 2740 schoettgenius
496 2706 546 2740 qrrarn
558 2696 610 2730 multa
621 2696 714 2729 attulerunt
725 2694 746 2727 ad
757 2694 779 2727 il-

570 2750 618 2792 19‘*
