1786 3062
68 134 111 175 '24

87 248 187 299 perierunt
205 244 278 292 autern,
301 238 412 283 Graecitate
432 237 508 278 silentio
529 238 608 278 aeterno
627 235 838 287 antiqnaonnonumeuta
857 261 858 264 η

89 313 187 352 obruente.
218 307 255 356 Qui
272 306 362 357 deinceps
379 305 430 344 inter
449 303 513 355 Syros
534 303 607 355 reperti
627 303 671 342 snut
695 302 736 345 viria
750 300 838 349 litterati,
885 326 887 330 Α

70 360 164 430 vquamdo
185 374 264 415 anianum
287 372 415 422 induxerunt,
438 369 516 420 seriptis
541 370 612 421 aliquid
630 367 731 418 nnnandare,
755 377 779 404 ea
799 365 839 404 lin-

90 430 136 493 gua‘
146 441 248 481 utebantur
266 441 316 491 quae
334 449 371 476 usn
391 436 470 475 onnnuiunn
490 435 511 473 ct
527 435 626 495 doctorum
640 435 661 473 et
675 432 787 488 discentium
801 430 839 470 tum
862 430 865 431 ⁷

90 507 174 562 probata
190 506 238 546 erat.
267 505 330 560 Quiane
342 504 410 554 lingua
425 502 521 541 Arannaea
536 512 561 539 ex
575 502 622 541 sede
637 503 695 553 regia
710 501 730 538 et
744 500 786 537 foro
802 497 839 535 de-

90 575 156 623 trusa,
181 573 200 611 in
218 573 273 610 uicos
292 573 312 609 et
331 581 392 619 agros
411 567 504 608 secedere
523 567 587 619 iussa,
610 578 645 606 eoo
660 566 746 607 adfines
760 563 840 604 reducta

93 641 136 691 est,
156 639 224 691 quibus
239 638 343 689 antiquitus
357 637 435 687 propria
449 635 520 672 fuerat.

156 703 205 742 Alia
229 703 293 741 tamen
318 701 354 739 tuit
377 700 415 739 alio
435 700 480 739 loco
497 698 577 748 linguae
593 697 703 736 Aramaeae
723 695 841 735 consuetudo

93 771 113 808 ct
131 770 187 808 ratio.
216 767 343 818 Seleucidae,
362 779 410 819 epuns
426 769 488 806 terras
503 765 655 816 oeorupaverant,
679 764 714 802 vix
730 761 761 800 diu
775 764 842 801 tencre

92 836 203 887 potuerunt.
231 833 253 872 ln
271 832 413 885 Mesopotamia
430 832 522 873 certatum
539 832 570 870 est
584 842 625 869 cum
639 828 727 877 Parthis,
747 829 769 875 in,
781 827 843 866 Asiae

95 901 172 940 minoris
191 900 247 951 parte
269 899 416 950 septentrionali
434 899 454 937 et
470 896 560 936 Annncnia
576 907 627 934 nova
646 906 708 944 regna
727 895 844 940 exstiterunt

95 978 131 1007 neo
145 978 182 1005 non
196 963 307 1039 Palafflfla
318 964 430 1005 Maccabeis
445 964 524 1003 ducibus
536 963 636 1001 uictoriam
648 961 794 1012 libertatemque
809 971 844 999 re-

96 1021 190 1083 portarit,
222 1029 276 1070 Satis
294 1030 331 1069 iam
348 1042 437 1069 eversum
457 1033 477 1070 et
497 1029 620 1068 dilaceratum
639 1027 681 1066 erat
700 1025 844 1066 Seleucidaruun

96 1099 206 1149 inoportuna,
221 1106 264 1147 quo
273 1097 358 1146 tennnpore
373 1096 486 1146 aPonnpeio
500 1097 519 1133 in
532 1095 610 1132 loriniani
623 1082 736 1144 provinciae
747 1093 844 1133 redactum

96 1165 128 1203 est
133 1176 139 1209 3
159 1162 353 1213 producerentur
368 1172 421 1214 quae·
430 1160 573 1202 Seleuciderruu
587 1149 654 1209 iu'guun
670 1160 781 1200 abieceraut
796 1161 845 1200 aliae

95 1229 175 1269 ln‘euius
199 1229 248 1267 allae
273 1228 343 1266 diutius
366 1227 474 1283 libertatem
493 1226 604 1276 tuebantur,
627 1226 687 1265 donec
705 1226 791 1266 ltonnano
808 1229 845 1266 inn-

96 1296 150 1347 perio
169 1296 190 1333 et
214 1295 268 1345 ipsae
289 1292 412 1332 adderentur.
444 1293 481 1332 nst
494 1293 555 1342 igitur
574 1291 598 1329 de
617 1290 670 1330 bisce
691 1293 749 1331 torris
765 1295 845 1332 seorsim
881 1322 883 1324 -

58 1391 61 1393 -
97 1360 198 1411 egelidum.

165 1425 349 1476 Mesopotamia
365 1425 417 1465 teste
432 1423 517 1477 loseplno
531 1424 595 1464 diuisa
610 1425 652 1463 erat
664 1425 682 1462 iu
694 1424 846 1478 factioneotres,

100 1492 228 1543 Graecorum,
244 1490 374 1540 Iudaeorum,
382 1489 487 1541 Syrorum3
502 1490 705 1543 postremamreliqnis
715 1502 792 1533 numnero
802 1494 847 1543 opi-

98 1558 173 1610 busque
193 1556 329 1597 antecelluisse
349 1556 401 1596 dicit.
433 1556 544 1597 Graecos
562 1556 654 1608 plurimos
672 1556 705 1596 illo
722 1558 810 1608 ternpore
829 1558 848 1596 in

99 1622 168 1662 Asiam
187 1622 350 1673 transmigrasse,
368 1622 492 1671 notissimum.
520 1623 592 1663 Plinius
611 1622 635 1676 (l.
650 1622 688 1675 Vl,
707 1621 758 1676 30.)
772 1624 849 1665 scribit:

100 1688 261 1740 „Mesopotamia
275 1690 316 1727 tota
325 1687 450 1738 Assyriorum
466 1688 514 1740 tuit,
529 1690 606 1728 vicatim
620 1690 708 1741 dispersa
720 1693 798 1741 praeter
807 1691 849 1731 Ba·
866 1701 868 1704 ’

100 1755 174 1805 bylone
193 1756 214 1794 et
228 1753 302 1793 Ninum.
329 1753 447 1793 Macedones
461 1765 501 1793 earu
516 1755 534 1793 in
549 1755 607 1794 urbes
621 1766 784 1807 congregavere,
800 1770 849 1809 prof

101 1822 146 1878 pter
163 1821 270 1860 ubertatem
288 1819 331 1859 soli.
357 1819 433 1871 Oppida
452 1822 531 1872 praeter
544 1820 580 1859 iam
596 1821 647 1861 dicta
662 1821 721 1861 lrabet
733 1822 848 1876 Seleuciam,

101 1887 228 1938 Laodiceam,
247 1885 374 1932 Artennitam3
390 1886 436 1926 item
450 1887 469 1925 in
481 1885 566 1925 Arabum
581 1888 652 1938 geute,
669 1888 701 1939 qui
715 1887 761 1927 (luci
773 1902 848 1930 nocan-

101 1955 133 1995 tur
147 1955 169 1992 et
179 1952 278 2002 Mandoni,
296 1951 429 2003 Antiochiam,
441 1963 491 2004 quae
508 1951 632 2004 apraeiecto
646 1953 799 2004 Mesopotamiae
812 1957 850 1996 Ni-

102 2030 171 2058 canore
185 2018 262 2058 condita
271 2015 343 2056 Arabis
359 2019 441 2057 vocatur
451 2015 491 2069 ¹).“
519 2017 614 2059 Seleucus
624 2017 705 2058 Nicator
719 2019 799 2070 triginta
811 2034 849 2060 uo-

100 2097 147 2124 ‘uem
156 2085 214 2124 urbes
222 2096 257 2124 sua
266 2084 335 2134 sponte
347 2073 431 2122 condidit
439 2081 535 2137 (Appiana.
544 2082 591 2135 Syr.
605 2081 636 2123 ed.
645 2082 753 2124 Annstelod.
763 2098 782 2138 p.
793 2085 850 2140 lna.)
882 2077 883 2080 ¹

103 2149 157 2189 onius
175 2149 282 2201 enennplum
300 2149 368 2189 inritati
382 2153 427 2191 sunt
441 2162 568 2190 antecessores
581 2152 623 2189 fere
638 2150 714 2202 onmes,
734 2151 850 2193 Graecorum

104 2213 184 2253 coloniis
202 2216 220 2252 in
235 2214 302 2253 Asiam
318 2216 415 2255 assumtis
443 2215 528 2256 Maxime
543 2217 592 2255 inter
605 2214 724 2268 Euphratem
740 2219 761 2257 et
774 2217 850 2268 Tigrim

103 2277 195 2319 Seleucia
214 2279 283 2318 annnbitu
303 2280 408 2333 opibusque
427 2277 487 2321 anneta
502 2283 533 2321 est
543 2278 574 2335 ²),
594 2284 647 2321 curius
660 2282 758 2323 vicinitate
774 2285 851 2338 antiqua

108 2363 233 2370 ...o-...q-

171 2415 190 2459 1)
202 2415 264 2450 Arabis
280 2417 337 2449 nescio
354 2417 393 2461 quid
407 2419 443 2452 sit?
455 2417 498 2453 Num
508 2416 574 2468 vNisibis
585 2418 687 2463 rogaremur
702 2421 732 2456 scd
743 2420 792 2457 lunius
804 2412 851 2460 uirbis

104 2469 170 2505 Plinius
182 2474 233 2505 antea
244 2472 262 2504 in
274 2470 303 2505 lib.
315 2470 336 2505 V.
347 2475 447 2508 mentionem
458 2474 504 2508 iacit,

170 2533 191 2575 a)
207 2532 275 2567 Parthis
287 2531 427 2578 Mesopotamiam
438 2536 564 2580 obsidentibus,
581 2536 660 2574 Seleucia
671 2549 697 2577 eo.
704 2550 757 2587 nsque
768 2553 851 2588 perronne-

103 2589 132 2637 ret
142 2588 203 2622 uirium
219 2592 236 2625 et
247 2589 364 2631 arroteritatis,
380 2593 398 2625 ni
410 2591 431 2626 ad
442 2591 467 2628 M.
478 2593 544 2627 Aurelii
555 2597 633 2638 tempora
644 2595 740 2631 libertatem
751 2600 851 2642 seruaverit,

104 2643 127 2677 ad
143 2645 170 2677 rei
182 2644 249 2688 publice
262 2643 333 2678 iorraarn
345 2647 441 2683 cornelianae.
465 2648 529 2683 Uirium
540 2648 621 2687 habuisse
633 2649 695 2692 elicitur
705 2652 752 2685 milia
764 2657 852 2697 sennanim

105 2696 209 2734 Graecorum
222 2702 268 2734 artes
280 2699 381 2745 litteraeque
393 2700 416 2733 ibi
428 2698 494 2746 asylum¹
505 2704 588 2749 quoddam
598 2706 683 2750 reperisse
691 2705 798 2743 uidebantur.
820 2708 852 2745 nno

107 2751 125 2788 G.
137 2753 149 2789 1.
161 2752 221 2789 Lana
234 2752 304 2800 Eutrop.
316 2753 364 2798 VIII,
382 2760 408 2791 10.
425 2754 486 2793 Euseb.
497 2759 617 2802 initlnronico.
