1786 3062
91 141 119 183 ad

96 272 177 313 dabatur
194 268 275 310 maxime
289 267 338 306 iuter
353 266 416 318 Syros
431 266 498 316 lingua
514 257 664 313 Edessena:d
651 241 734 313 ddodssd
750 236 849 310 UXEQSO

94 347 210 406 (uffliodi
225 366 243 393 e.
257 340 352 406 Edessa]
364 352 391 406 ¹].
573 345 577 348 ’

157 440 190 482 Ad
207 439 309 481 dialectum
322 437 476 489 Mesopotamiae
495 438 514 491 et
529 435 627 487 Assyriae
646 438 735 489 proxime
751 435 845 476 aooeduni

93 507 217 554 Nestoream
239 505 391 546 Palaestinensis
409 506 428 543 in
446 503 567 543 rnorrasteriis
580 502 717 543 Maronitarum
730 502 778 541 setis
793 501 845 539 inte-

95 585 133 624 gra
151 575 172 614 et
188 562 298 625 repurgata
318 571 342 610 ad
361 571 608 622 nostrausqueiempora
621 570 724 619 pervenit3
744 570 763 607 in
777 567 846 618 Assy-

95 641 125 680 ria
144 635 268 680 cananeum
285 638 347 682 autern
361 648 384 676 eo
400 648 460 687 usque
474 635 542 685 lingna
555 633 652 674 Ararr'r‘oea
669 635 750 686 delapsa
764 636 815 688 est„
825 635 846 673 ut

96 717 176 758 prorsus
191 705 311 754 degenerata
326 715 349 742 ao
364 688 425 754 paene
440 701 537 741 exhausta
553 691 648 740 videatur.

98 812 227 819 w...»-

165 888 185 930 1)
202 886 228 921 (ii.
245 887 334 921 Hoffmann
347 886 431 933 'Prolegg
443 896 482 933 pag.
495 888 521 922 14.
534 889 551 920 et
562 887 616 920 ioeunr
628 883 708 919 Pooorun
720 883 744 917 ihi
756 883 853 930 laudatum

100 939 126 975 Gi.
141 939 218 975 Ridleius
233 941 263 984 (de
279 941 387 984 Syriaoarurn
403 942 423 975 N.
438 941 458 975 T.
474 951 529 975 verss.
544 941 579 974 ind,
593 944 643 983 atque
660 941 702 981 usu)
718 939 736 970 in
750 938 847 981 uniuersum

99 997 146 1030 reete
161 994 235 1029 iudioot.
258 994 332 1039 „Omnis
349 995 419 1039 Syria
414 1007 432 1041 m
446 1000 482 1030 tros
498 999 556 1039 partes
573 994 669 1028 urvrsat
643 997 677 1026 ost:
700 991 766 1035 Spriaro
776 992 846 1033 proprie

71 1066 73 1076 r
100 1050 172 1092 dietam
192 1021 333 1092 Mesopotamiam
353 1053 374 1084 et
387 1038 497 1091 Giroirlaeanu
518 1053 557 1083 sunt
574 1053 591 1082 et
605 1052 640 1082 tros
657 1046 735 1086 uiolenti,
756 1042 847 1083 Arunraea,

100 1102 190 1138 Neaeram
201 1106 219 1138 et
230 1103 263 1136 Ant
264 1102 354 1138 ioolrenofl

166 1166 254 1201 Addenda.
272 1167 381 1201 AirsoIrrtaet
386 1163 451 1211 prelo
447 1176 479 1201 ram
490 1168 578 1200 oonrnrissa
585 1165 617 1200 imo
624 1164 769 1199 oonrmentationis
778 1166 848 1197 orostrae

39 1257 41 1260 ,
100 1225 149 1265 parte
160 1223 220 1255 noetus
231 1231 267 1254 sum
276 1220 365 1268 Dietriohii
374 1221 449 1262 iiheiiom
459 1222 572 1256 ele-sermonis
580 1220 667 1254 Chaldaioi
674 1222 785 1264 proprietate.
803 1217 848 1251 ear-

101 1275 133 1310 deo
149 1277 230 1316 maxime,
252 1275 298 1320 quod
314 1279 400 1309 arretorom
416 1274 562 1320 diligentissimum
578 1275 662 1320 plerisque
679 1276 696 1308 in
714 1273 764 1307 rohos
777 1281 848 1306 eonsen-

100 1332 170 1364 tientem
184 1329 242 1364 video.
265 1328 330 1364 Thesin
347 1331 446 1374 proposuit,
464 1329 569 1372 Ciraldaisrno
585 1328 647 1363 hrtrtioo
661 1322 770 1363 Heirraismos
781 1328 848 1361 minime

101 1394 139 1418 esse
156 1384 259 1428 peruliarm
279 1383 399 1419 Diversitatorn
416 1383 503 1419 Chaldaioi
522 1389 538 1418 et
550 1384 616 1428 Spriaei
628 1384 711 1417 sermonis
723 1383 849 1416 aoonrotissinro

94 1432 192 1482 'postquam
207 1439 294 1482 expo-suit,
316 1437 375 1473 Lonioi
392 1442 408 1472 et
424 1436 544 1473 Grarnmatieae
559 1439 614 1471 ubivis
630 1439 696 1472 ratione
712 1437 779 1478 hahita,
799 1437 817 1469 in
828 1445 849 1470 eo

90 1493 168 1526 tdemum
183 1487 268 1527 sententia
279 1494 381 1537 ooqrriosoit,
399 1503 435 1526 osse
447 1493 488 1527 duas
499 1486 583 1526 Aramoiei
595 1492 681 1525 idiomatis
692 1495 758 1535 speeies
773 1489 849 1526 statuen-

89 1519 94 1598 θ
103 1546 143 1587 dos‚
164 1544 267 1579 Ciraidaeam
282 1549 299 1578 et
313 1545 409 1589 Syriaoam,
429 1556 507 1580 sonorum
523 1547 670 1590 pronuntiatione,
686 1545 777 1580 ror-norum
789 1545 849 1580 solidi-

101 1603 138 1634 tate
149 1603 167 1634 et
178 1599 229 1644 eopia
240 1602 291 1643 atquo
303 1603 387 1634 orationis
398 1602 530 1636 ooniormotione
542 1611 576 1635 non
588 1609 646 1645 parum
658 1600 734 1635 diversas
746 1601 795 1645 (pag.
807 1601 848 1643 aa).

103 1654 157 1694 Quam
171 1654 286 1689 diversitatem
298 1658 315 1688 et
325 1648 364 1700 ipse
373 1657 435 1700 partim
446 1659 525 1700 temporis
536 1657 596 1700 partim
609 1657 684 1690 looorum
696 1655 748 1689 fuisso
760 1657 849 1690 existimat.

102 1709 175 1752 Insuper
190 1708 278 1751 Syriacam
294 1706 383 1743 dialectum
396 1719 416 1742 on
428 1712 506 1754 contagio
517 1711 586 1754 linguae
596 1713 631 1743 tum
643 1707 719 1744 [irueoae
729 1714 764 1743 tum
775 1708 849 1758 Piroeni-

103 1765 140 1797 eide
151 1764 225 1797 traxisse
236 1764 343 1797 mutationes.
367 1762 413 1803 Quae
427 1774 462 1798 oum
473 1767 497 1798 ito
508 1766 551 1806 sint,
566 1775 620 1810 nequo
631 1766 701 1805 mirum,
717 1764 763 1808 quod
777 1766 849 1812 monimo

101 1818 185 1851 librorum
200 1816 287 1865 fluetuatio
299 1820 325 1850 est
336 1819 380 1852 inter
392 1821 479 1864 utrumque
491 1819 559 1862 linguae
571 1819 646 1853 sormam.
668 1818 744 1853 Fabulae
754 1818 849 1853 drarrroeae

101 1873 199 1916 nuperrime
211 1870 267 1906 editae
279 1869 365 1914 Syriasmo
377 1874 468 1917 propiores
480 1877 523 1908 sunt.
534 1892 555 1898 -
577 1872 626 1906 Hisne
637 1875 679 1917 ipsis'
688 1873 746 1907 diebus
754 1873 788 1917 legi
799 1874 849 1907 etiam

101 1926 206 1960 Berrrsteinii
216 1924 273 1961 studio
283 1924 364 1969 Syriaca,
376 1926 459 1962 Zeitseirr.
471 1927 486 1960 d.
495 1926 519 1961 Μ,
529 1925 547 1960 G.
560 1925 593 1968 ΙΙΙ,
604 1928 620 1962 4.
642 1926 668 1961 Gi.
677 1927 747 1962 eundem
755 1926 775 1961 de
784 1927 849 1973 edendo

100 1980 136 2015 Bar
151 1979 224 2014 Balrlnlo
241 1978 266 2019 ΙΙ,
286 1983 301 2014 3.
324 1978 391 2013 Utinam
406 1981 473 2013 tandem
485 1981 543 2013 iieerot
554 1979 595 2013 Viro
606 1981 675 2025 linguae
687 1981 768 2025 Syriacae
779 1984 849 2024 peritis-

101 2036 143 2069 simo
156 2032 232 2067 Lexioon
243 2032 293 2065 nohis
305 2032 392 2076 Syriarum
403 2042 475 2076 parare,
491 2043 512 2067 ne
523 2034 606 2071 ineassum
616 2037 680 2068 tantum
692 2034 767 2078 laboris,
782 2039 848 2081 tempo-

101 2090 134 2129 ris,
152 2087 247 2122 industriae
260 2091 364 2121 consumtum
375 2087 463 2122 videatur!
