1786 3062
111 203 151 246 174

111 320 222 359 nowen
243 317 263 356 et
287 302 384 373 :rupicum
402 311 492 367 view).
525 314 550 358 Ni
569 314 637 366 failor,
659 314 708 357 iraee
726 325 789 354 rernm
808 312 857 353 ratio

112 378 214 423 statuendo
234 383 271 422 est.
299 382 332 423 iix
348 383 409 423 usn-ne
424 381 542 433 temporibus
558 381 690 427 'Patrnndistae
704 384 795 435 repetunt
809 393 857 439 eon7

111 449 231 489 suetudinem
251 453 286 490 τοῦ
308 460 388 497 :mmm
410 444 476 488 eodem
500 449 587 499 tonrpore
605 460 646 487 earn
665 462 729 492 uurmu
747 451 765 489 in
783 450 857 490 textum

51 536 53 539 ·
112 516 214 557 adhibitum
235 528 280 556 esse
300 518 400 569 usserunt,
422 517 541 569 primnmnt
556 516 574 554 in
589 524 670 572 :muron
685 518 697 555 i.
711 530 730 555 e.
744 529 813 560 versus
828 515 858 555 rti-

112 584 250 636 siribrreretnr,
275 584 344 623 deinde
363 586 384 623 ut
402 595 493 623 versuum
512 585 579 633 partes
596 595 670 636 qnoque
685 585 779 636 minores,
797 584 857 636 prae-

112 652 252 704 ponderantes‚
275 663 366 691 versunum
385 651 527 691 subdivisiones
546 651 668 702 notarentur,
680 651 769 703 deniqne
783 653 805 690 nt
820 642 858 703 ope

113 721 203 759 diasorne
216 718 275 756 leetio
290 718 408 766 singularum
425 729 493 756 voenm
508 716 628 767 definiretur,
644 706 753 770 versusque
768 719 788 755 θῖ
802 718 858 762 litte-

113 797 146 824 rne
167 786 233 824 textus
258 786 407 824 numerarentur.
441 781 572 826 Certissiuuuur
591 784 664 822 ornnirm
684 784 726 835 est,
750 795 777 823 ex
798 783 859 824 Esrue
888 813 890 815 ·

112 850 230 904 temporibus
249 860 327 901 opernm
346 849 423 892 nuriturn
441 851 531 901 posuisse
547 850 629 899 Levites
647 852 668 893 et
681 851 754 893 senibus
770 852 788 894 tn
803 853 859 889 textu

113 931 169 957 suero
186 919 265 968 eiusque
280 917 356 967 publiea
369 917 453 956 ieetione
469 918 488 956 et
504 917 668 969 interpretatione.
696 917 793 969 Terrupore
808 916 859 957 'Pai-

112 986 174 1025 mndis
198 985 222 1024 de
240 983 323 1025 lectione
351 997 399 1026 vera
417 996 434 1021 s.
452 983 533 1034 simplic-i
545 986 573 1039 et
590 985 613 1023 de
632 996 681 1028 veru
700 985 860 1036 interpretatione

113 1064 150 1095 nou
170 1050 284 1101 nrrrbigitur‚
308 1051 361 1093 euius
381 1041 489 1091 traditionis
509 1039 614 1090 constantis
633 1053 653 1090 et
672 1039 789 1093 irrrnissinme
804 1052 860 1102 priu-

113 1121 163 1171 eipin
181 1130 204 1157 ne
222 1117 328 1167 dubitemus
346 1117 369 1158 nd
385 1119 472 1166 tenrpora
487 1116 548 1158 iisrue
562 1117 644 1159 reterre.
672 1115 714 1155 Sed
728 1117 764 1156 iarn
780 1116 860 1169 quaeri*

113 1186 155 1234 tur,
174 1185 235 1225 utrum
255 1181 358 1223 traditione
380 1180 427 1219 orati
443 1192 467 1219 an
482 1182 545 1232 siguis
560 1180 673 1234 quibusdam
687 1181 788 1222 lectionem
803 1181 860 1225 Seri-

112 1251 180 1300 ptnrae
193 1247 293 1288 docuerint
305 1250 363 1300 atque
378 1260 415 1300 qno
429 1249 516 1299 tempore
530 1259 605 1300 quoque
619 1247 675 1286 modu
689 1248 731 1288 urio
746 1248 772 1289 sit
787 1260 860 1291 aecem

113 1317 174 1355 irratio
190 1304 224 1356 iiia
243 1316 263 1356 et
280 1316 390 1364 punctatio,
408 1326 457 1365 qnae
477 1315 584 1354 nostrorum
603 1313 688 1352 eodiemn
703 1315 740 1353 est.
767 1312 790 1353 id
804 1325 860 1354 uenm

113 1383 185 1423 indutas
204 1379 250 1431 ibit,
272 1380 304 1431 pni
325 1381 432 1422 accuratius
452 1380 531 1428 linguae
552 1379 659 1418 Hebruieae
679 1379 760 1430 indolem
774 1391 860 1431 perspeff

112 1448 175 1499 uerit,
199 1444 352 1487 diasoretlrarum
375 1458 454 1498 operam
473 1458 499 1487 eur
521 1442 622 1488 verissima
640 1445 803 1499 subtilissimaque
821 1446 860 1503 iin-

113 1525 165 1565 gnae
180 1512 318 1552 obseruatione
330 1515 350 1552 et
364 1513 476 1564 cognitione
489 1523 621 1563 prurnmrasse.
650 1512 753 1565 Postquam
767 1513 874 1558 itiuvrrldnsr

113 1579 318 1637 interioresiinguoe
343 1593 412 1619 sensus
430 1584 540 1630 gustusque
560 1580 645 1630 apernit,
668 1580 778 1631 ani‘eidus
797 1583 859 1623 autern

113 1645 231 1698 rhythmicas
250 1645 308 1695 leges
323 1646 448 1698 explanarit,
466 1644 540 1687 abunde
553 1644 615 1695 iiquet
628 1646 661 1685 vei
674 1646 753 1689 nrinimis
768 1646 786 1684 in
797 1646 861 1690 ¹rebus

112 1710 237 1752 elusor-emas
258 1715 337 1753 senentes
357 1724 401 1751 esse
422 1724 474 1761 eam,
493 1721 544 1762 quae
562 1710 623 1761 ipsius
641 1711 721 1761 linguae
740 1715 803 1751 estin
817 1714 860 1758 ior-

112 1778 185 1818 mandis
202 1776 329 1818 fleeteudisve
345 1780 438 1830 vocibus,
457 1777 549 1817 rationem
566 1781 585 1817 et
599 1780 693 1823 naturum,
720 1778 782 1828 Viget
796 1782 860 1820 auteur

112 1848 131 1885 in
149 1844 272 1897 pnneintione
293 1845 313 1887 et
331 1846 476 1887 eunentnaiione
493 1844 527 1883 iex
546 1845 639 1896 quaedam
658 1844 749 1896 ponderis
764 1847 784 1885 et
798 1846 860 1889 iiluna

112 1914 169 1953 inuenti
190 1908 332 1963 [Diehotomie‚
352 1911 452 1963 Hauptton
466 1911 503 1949 und
518 1910 632 1964 Neirentun,
653 1910 808 1961 Gieieirgewieirt
822 1915 860 1955 und

95 2010 98 2015 .,
113 1974 279 2028 Gegengewieirt)
294 1978 351 2027 atque
364 1975 401 2016 irae
414 1977 456 2029 ipsa
473 1977 648 2028 via‘ponderandi,
667 1976 775 2029 dividendi,
794 1991 859 2031 oppu-

112 2045 168 2085 nendi
188 2047 208 2083 et
225 2044 351 2093 componendi
365 2043 423 2093 leges
438 2044 528 2085 inventas
543 2055 587 2082 esse
602 2046 649 2096 puto
664 2045 814 2084 aoeentrmtionis
829 2048 859 2086 εἰ..

93 2111 148 2153 ·nmi
166 2113 185 2150 et
203 2109 339 2160 purretatimris,
374 2110 450 2150 Pendet
468 2121 540 2150 renero
559 2110 648 2148 flexionis
668 2112 688 2150 et
706 2111 806 2150 iurnmmnn
822 2112 860 2153 do·
883 2102 884 2105 Ἴ

112 2179 174 2220 etrina
194 2189 220 2232 ex
240 2177 321 2218 uenentn
340 2178 360 2215 et
379 2178 435 2216 unria
450 2178 604 2228 pronuntiatione
620 2177 748 2229 (Urniautnug
764 2178 801 2219 und
814 2178 860 2217 Ab·

111 2244 207 2294 iautnng).
234 2241 256 2280 in
272 2253 320 2279 roee
334 2240 372 2300 7⁸:72
387 2242 447 2282 habes
460 2244 496 2282 tria
509 2243 615 2290 eiernentnr
629 2244 661 2281 nbi
674 2244 772 2286 aduentum
787 2243 805 2282 in
815 2245 860 2295 syl-

178 2439 196 2482 t)
212 2436 238 2471 dd
257 2446 315 2470 votem
332 2435 381 2469 Ξῧίὶ
399 2439 420 2473 ni.
436 2439 531 2474 intuitiones
548 2443 564 2475 in
580 2440 623 2475 idern
640 2440 710 2474 obuias:
733 2429 783 2472 :eti
800 2439 858 2486 Uim,

111 2504 161 2536 :ab
175 2494 216 2537 332.
242 2500 353 2546 despondere
373 2504 430 2548 ntique
447 2504 496 2538 modo
515 2505 581 2539 uidetur
597 2504 634 2549 Spu.
651 2496 748 2577 hoff,
771 2505 858 2550 Liuentne,

110 2577 221 2613 Rabirinimnn
236 2580 310 2611 munitm
333 2579 354 2613 ab
375 2578 408 2613 ime
427 2589 469 2613 rore
485 2578 576 2615 derivare?
596 2579 622 2613 nd
638 2592 695 2617 rotem
712 2581 823 2615 ΕἺΒῚὋΠΠ
837 2585 858 2620 us,

88 2627 91 2631 ”
109 2632 197 2672 Rumori„
211 2634 263 2667 navis
275 2633 358 2669 dinsorae
374 2645 387 2670 θ.
402 2633 429 2670 Vi.
441 2633 496 2666 uuum
511 2646 538 2680 pp.
552 2639 578 2671 est
594 2636 675 2680 ponderis
690 2641 776 2682 grauitate
789 2636 859 2681 depres-

110 2688 142 2728 sit,
160 2688 249 2721 ineiinnvit
263 2688 327 2723 laneum
341 2692 422 2724 trutinae.
436 2709 458 2714 —
480 2690 545 2733 Doleo,
568 2690 613 2736 urunt
627 2692 753 2727 mnnerusrrdu
766 2691 858 2739 Petirgome

109 2744 127 2776 in
143 2740 216 2776 Psnirnis
231 2745 300 2777 notatus
315 2754 349 2778 nen
365 2749 392 2779 est
408 2755 418 2779 n
432 2745 540 2786 timendum
555 2747 642 2789 suspicer,
663 2757 750 2781 nnmerum
765 2747 858 2795 Petirgome

109 2795 200 2841 Syrorum,
217 2795 297 2832 Pesnirirn
313 2797 364 2836 Hebr.
381 2805 397 2835 et
412 2800 474 2845 στίχων
487 2798 547 2834 Graue.
559 2809 593 2834 non
604 2801 673 2835 muitum
685 2802 759 2839 ditior-re
782 2804 801 2840 In
811 2802 858 2842 v'iul-

109 2851 157 2886 mude
170 2850 275 2889 Psalmorum
288 2855 368 2890 versienii
379 2861 489 2897 numerantur
499 2857 549 2894 5896.
560 2855 609 2894 Burri.
622 2856 680 2893 Tiber'.
688 2869 709 2903 p.
721 2860 748 2903 43.
