1786 3062
86 136 134 209 154¹

13 268 19 333 '⁴
78 278 204 331 ‘gentesimum
228 275 314 315 exaratis
338 277 434 328 scriptura
453 277 572 329 Esirangclo
590 276 641 317 urea
660 276 767 328 reperitur,
792 277 830 317 tum
852 293 854 296 ⁴

80 358 126 385 uero
145 342 254 383 minusculis
274 340 417 383 characteribus
434 341 614 399 codicesieseribi
625 343 693 395 coepti
706 344 761 394 sunt,
781 354 830 395 quies

28 404 30 406 V
78 411 188 450 Nestoriaui
208 409 233 449 ai
250 407 300 449 huuc
320 422 383 462 usque
403 410 451 449 rilem
465 410 555 450 adhibent
570 412 639 463 quique
654 409 757 462 areliquis
772 409 830 459 Syris

78 477 188 518 Nestoriani
211 486 227 514 s.
248 474 340 517 Chaldaei
359 476 453 518 (licuntur.
484 465 598 527 Scripturae
617 477 727 529 exeruplum
745 474 830 516 Arllerus

78 545 161 596 praebet
174 542 240 584 tabula
254 541 288 598 lll.
316 543 473 583 Nestoriauorum
489 541 566 581 cedices
582 543 631 581 satis
646 544 698 582 urulti
717 541 831 583 recentioris

79 612 151 652 aetatis
170 611 188 649 iu
207 607 328 648 bibliothecis
347 611 473 649 asservantur
483 606 509 662 ¹]-
539 606 570 648 Ol.
591 607 653 647 Adler
671 609 684 648 l.
704 622 720 649 c.
734 622 783 662 pag.
797 607 831 649 in.

77 690 109 730 sq.
138 676 194 716 Haud
208 675 265 726 pauci
277 674 331 713 Novi
345 675 466 716 Testamenti
481 674 558 725 Syriaci
568 672 630 731 libros
646 687 712 714 ouunnes
727 675 830 715 continent.

78 743 176 783 Diuiditur
196 743 258 780 auteur
277 741 337 790 totum
355 740 380 782 N.
398 741 424 780 Τ.
441 752 512 792 cerpus
526 741 545 779 in
560 742 628 792 partes
642 742 694 781 tres:
713 740 830 792 livarrgelia,

77 809 130 856 Acta
149 805 300 858 Apostolorum,
325 807 393 858 quibus
422 807 498 847 additae
524 808 569 854 sunt
593 806 694 858 lipistolae
712 804 831 863 catholicae,

78 873 178 926 Epistoias
196 872 296 912 Paulinus.
323 873 401 922 Singuli
420 874 464 912 libri
481 874 500 912 iu
519 873 582 924 capita
597 872 761 923 distributionum,
780 884 831 923 qure-

78 953 119 980 rum
138 950 227 979 uumerus
246 951 307 991 usquc
322 940 346 978 ad
359 939 413 978 finem
427 940 486 979 totius
500 939 525 978 N.
541 938 565 978 Τ.
582 940 700 992 producitur.
726 938 748 979 lu
762 939 831 978 livam.

80 1006 138 1057 gellis
162 1017 252 1045 uuurerus
276 1005 359 1056 capitum
382 1008 475 1057 repetitur
495 1008 533 1045 tum
554 1019 564 1044 a
586 1007 646 1058 primo
665 1005 770 1056 Matthaei,
792 1008 830 1045 tum

81 1085 130 1114 vero
149 1072 172 1111 ab
188 1073 242 1112 initio
258 1072 357 1123 sequentis
373 1061 445 1122 singoli
460 1070 577 1123 huningelii,
596 1072 623 1113 ita
635 1074 656 1114 ut
670 1071 781 1112 Matthaeus
795 1084 831 1112 ea-

78 1141 120 1192 pita
137 1140 233 1179 courtiueat
252 1136 320 1188 xxii,
339 1137 419 1178 Marcus
435 1138 493 1189 Xlll,
512 1138 575 1178 Lucas
591 1139 668 1190 Xlllll,
687 1138 769 1178 loannes
784 1137 830 1190 XX,

74 1196 168 1256 ,totusque
189 1205 215 1244 sit
232 1215 322 1242 uumerus
342 1205 424 1256 capitum
437 1203 552 1254 LXXVIII.
584 1203 636 1244 Acta
653 1204 792 1257 Apostolorum
811 1207 832 1245 ei
854 1242 856 1246 .

79 1271 179 1323 Epistolae
199 1268 304 1311 catholicae
323 1268 402 1311 XXXII
421 1272 484 1323 capita
502 1271 629 1322 constituunt,
651 1272 751 1323 Epistolae
770 1273 832 1311 autem

79 1338 171 1378 Paulinae
182 1336 279 1388 >XluVlll‚
295 1326 333 1389 ep}
341 1336 366 1376 ai
378 1336 481 1377 Hebraeos
495 1335 543 1388 Vll,
562 1337 611 1377 nunde
624 1339 683 1378 totius
695 1337 721 1378 N.
735 1338 761 1378 Τ.
776 1338 832 1389 capi-

80 1406 119 1445 tmu
137 1415 226 1444 uumerus
237 1402 311 1460 *prodit
325 1401 404 1442 CLXV.
433 1403 528 1442 Numerus
541 1403 560 1443 in
575 1402 662 1452 margine
676 1395 761 1445 notatus.
789 1403 832 1444 Ha-

79 1472 126 1512 bent
142 1483 190 1511 vero
208 1469 319 1510 Nestoriani
334 1482 372 1510 nou
390 1470 451 1510 solum
468 1462 566 1523 propriam
581 1472 601 1511 et
617 1471 735 1521 singularem
750 1472 833 1524 capitum

81 1538 232 1589 distinctionem,
256 1536 291 1576 sed
307 1529 396 1577 etiamiu
410 1536 525 1577 lectionibus
540 1537 618 1588 publice
633 1550 669 1589 per
684 1540 727 1578 anui
743 1539 832 1578 circulum

82 1604 212 1646 recitandisa
226 1603 297 1643 ceteris
314 1603 402 1643 ecelesiis
415 1604 514 1644 recedunt.
542 1603 673 1655 Auspicautur
687 1616 752 1643 annum
767 1603 834 1643 ecoless

81 1671 179 1710 siasticum
197 1671 216 1709 iu
234 1670 326 1710 bernuinioa
345 1670 413 1722 quarta
430 1671 475 1709 urite
494 1661 615 1711 nativitatem
635 1668 707 1710 Glrristi
727 1671 747 1709 et
766 1671 833 1723 cuique

43 1748 45 1751 ·
81 1737 187 1777 herluinieae
202 1736 303 1786 assignata
317 1737 348 1776 est
361 1735 419 1775 lectio
433 1737 525 1788 quaedam
535 1736 694 1786 liuaugeliorum.
722 1737 775 1789 Quae
788 1738 833 1788 qui->

61 1803 62 1806 ’
81 1804 123 1841 dem
137 1803 232 1842 lectiones
247 1802 357 1853 plerumque
370 1802 390 1839 in
403 1802 490 1850 inlargine
501 1803 581 1842 notatae
594 1802 649 1851 suut,
663 1813 696 1840 ex.
710 1813 741 1851 gr.
754 1801 772 1840 in
780 1801 833 1845 initio

78 1867 187 1919 livangelii
196 1866 290 1908 Matthaei
304 1867 323 1906 in
337 1868 423 1916 margine
436 1867 521 1918 legitur:
537 1869 632 1920 Periccpa
640 1868 658 1907 iu
669 1869 779 1908 dorrniuieam
788 1869 832 1908 ante
865 1917 868 1919 ¹

80 1937 215 1977 Nativitatem.
238 1933 323 1973 Exstant
332 1934 388 1973 etiam
396 1933 484 1984 codices,
499 1936 531 1986 qui
538 1935 608 1974 seriem
614 1934 716 1973 lectionum
727 1935 833 1984 continuam

81 2002 184 2053 exlrlbeut,
203 2012 240 2057 cr.
264 2012 282 2039 e.
296 1993 371 2039 'codex
396 1999 446 2051 apurl
464 1998 557 2039 Ailerum
575 1999 731 2039 Nestor-ianorum
750 2001 832 2052 quiribus,

41 2085 46 2091 ¹¹
82 2071 135 2110 cuius
155 2059 224 2108 titulus
241 2068 283 2106 est:
302 2065 361 2105 Liber
376 2065 398 2107 S.
412 2065 517 2116 Evangelii
533 2065 635 2105 adorabilis
650 2065 751 2106 distinctus
763 2067 782 2105 iu
795 2079 833 2118 pea

81 2137 159 2186 rieopas
178 2133 245 2174 diebus
258 2132 363 2172 Douninicis
383 2135 404 2173 et
422 2132 489 2172 aliebus
508 2132 564 2171 iestis
584 2134 604 2172 et
623 2134 641 2171 iu
656 2134 834 2172 eourroemoratioue

83 2203 190 2241 sarretormu
205 2198 313 2239 recitandas
325 2199 428 2240 secuudum
443 2200 497 2240 ritum
513 2198 643 2239 Musuleusem
655 2195 697 2256 ²)ss

147 2267 201 2306 llaec
223 2266 285 2303 tarrren
302 2266 401 2305 externam
419 2262 537 2305 solummodo
551 2266 630 2304 lobnam
644 2266 744 2317 spectant,
764 2266 834 2306 nullam

86 2366 215 2375 μο-ι

149 2417 168 2463 1)
183 2416 253 2451 [tonnam
270 2414 410 2451 Nestouiauorum
426 2415 493 2450 cortines
509 2417 576 2461 plurimi
587 2418 636 2452 allati
646 2421 685 2451 sunt
695 2428 715 2452 cu
726 2417 784 2461 ludia,
802 2429 834 2464 quo

78 2462 159 2518 tempere
177 2472 292 2507 Ronmuorum
308 2465 438 2515 praedicatores
452 2468 516 2504 ilia'iu
531 2475 579 2505 terra
593 2474 664 2506 inarime
675 2471 773 2508 Malabaria
785 2474 834 2509 serlus

82 2528 159 2561 nuaram.
170 2546 193 2553 —
214 2526 270 2561 Etiam
282 2525 360 2560 Sclraalie
377 2536 398 2559 eu
409 2524 508 2559 Malabauia
523 2525 576 2559 eorlex
591 2526 615 2561 M·
631 2526 647 2562 S.
664 2527 708 2562 douo
726 2529 786 2563 missus
803 2532 834 2573 est,

67 2584 68 2587 ’
83 2592 132 2627 qurum
143 2584 180 2626 ipse
193 2583 272 2618 editionis
283 2590 325 2615 suae
337 2580 423 2624 exemplar
435 2589 455 2614 eo
467 2580 570 2625 ablegassci.
822 2578 824 2580 ’

149 2647 166 2687 2)
183 2645 208 2680 Eu
223 2655 268 2680 saec.
283 2645 313 2681 IX.
329 2649 407 2689 coeptum
418 2648 454 2686 est,
471 2646 542 2678 mraxime
555 2644 665 2680 Lectionum-ia
676 2650 693 2681 ei
703 2646 791 2690 Lino-glas
806 2647 835 2681 ie-

82 2690 169 2733 scrihero
186 2699 244 2733 Biblia
259 2700 293 2732 ium
307 2700 341 2733 soli
355 2701 453 2734 recitationi
469 2702 486 2732 et
498 2699 613 2733 eeclesiastico
626 2701 666 2735 rihni
675 2703 741 2745 seruire
752 2700 834 2735 uideban-

54 2769 56 2773 .
82 2747 115 2790 tur.
139 2752 196 2792 (iurare
212 2764 233 2789 ex
244 2754 278 2788 illis
295 2763 348 2789 saeco
363 2756 472 2800 reperiuntur
482 2753 592 2789 Lectiouario
603 2755 675 2800 plurima
687 2755 833 2799 Nestorimrormu,

76 2809 212 2852 *Melchiiuruuu
230 2809 353 2854 Moabitarum,
369 2810 500 2846 Maronitarum.
