1786 3062
83 278 152 330 utura,
173 287 221 329 queue
241 276 260 315 in
278 274 320 315 eliis
340 276 436 316 versionis
452 274 551 328 Simplicis
566 273 708 327 exemplaribus
723 273 781 314 oliter
794 272 836 322 legi

83 347 152 385 inerret.
180 342 314 381 Verumtamen
330 343 349 379 in
364 343 473 380 universum
488 343 593 396 tenendum
604 343 646 393 est,
662 340 726 380 inirem
741 339 834 393 quotidem

83 411 153 450 adesse
172 408 190 447 in
208 407 292 459 antiquis
311 408 409 452 codicibus
424 409 576 458 consonantiam,
595 409 623 448 ito
636 409 657 446 ut
672 418 747 457 orciuos,
765 406 834 458 quibus

82 476 165 516 facultas
184 474 221 513 fuit
240 473 317 513 codices
332 473 420 526 antiquos
435 471 553 524 inspiciendi
564 475 584 513 et
599 473 731 523 exoluturum,
750 473 833 523 consen-

83 542 142 592 tiant,
156 540 239 593 reperiri
250 540 396 591 discrepantium
409 540 451 578 iere
465 538 535 578 nullam
550 550 561 576 e
575 539 632 578 textu
646 540 697 579 edito
712 540 733 580 et
746 538 833 589 recepte,

83 609 100 647 si
117 604 267 656 orthographiae
280 606 393 645 varietatem
405 605 492 656 excipias
502 605 522 641 et
530 600 634 652 scribarum
645 614 722 644 errores
734 603 760 658 ¹).
787 603 834 644 Inde

23 690 27 696 ·
83 673 154 723 regule
167 671 233 711 critice
247 671 329 710 eflicitur
343 669 501 720 lurrdnmcntelis,
519 671 540 709 ut
553 671 620 710 textus
633 671 731 724 Sirnplicis
744 672 763 710 in
777 670 835 710 Neve

84 739 210 779 Testurnente
220 736 293 791 ¹(qumod
310 739 438 777 consonantes
456 737 540 786 intactus
560 740 636 776 rruaneot
652 738 672 776 et
688 737 836 788 probatissimus

84 803 187 854 luchenton,
208 802 245 840 nisi
263 803 382 855 antiquorum
401 802 486 843 codicum
500 802 605 842 auctoritas
618 801 674 842 aliam
689 802 790 842 lectionem
804 800 837 840 ai·
880 821 882 824 ·

84 871 136 911 feret
154 870 175 909 ct
188 864 321 921 cuononem.
349 868 414 909 Tertio
426 869 474 908 enim
489 872 520 908 est
535 869 601 908 textus
615 871 690 921 recepti
706 880 747 910 cum
762 868 836 908 codici-

85 937 121 975 bus
145 947 183 975 non
205 934 266 974 solum
288 936 371 988 anitiquis
392 935 427 975 sed
444 936 500 974 elium
519 932 677 974 Nestorienorum
697 934 837 976 recentioribus
857 972 859 975 .

67 1044 70 1048 ,
87 1002 222 1051 conformitas,
240 1001 262 1039 nt
277 1001 320 1052 ipsc
338 1000 434 1053 Anteius,
455 1002 486 1039 uir
504 1001 586 1041 eximiae
602 1001 712 1054 doctrinae,
729 1001 837 1040 seducere-

88 1072 118 1110 tur
133 1060 226 1122 quendam
240 1067 306 1105 textus
321 1068 367 1106 editi
381 1079 422 1106 cum
435 1067 593 1106 Nestoriauerum
608 1067 721 1106 recensione
735 1067 837 1118 conspira-

88 1136 157 1176 tionem
176 1134 273 1181 statuero,
297 1133 383 1182 qururouis
401 1132 460 1173 editio
481 1132 595 1172 Viennensis
613 1131 724 1172 alecobitn
737 1132 837 1173 incubitu-

87 1214 128 1241 rum
147 1200 166 1239 iu
185 1210 239 1237 usum
255 1209 329 1237 excuso
345 1198 377 1237 sit.
405 1197 501 1238 Probatur
516 1201 579 1240 eutem
593 1198 687 1250 Syrorum
701 1199 752 1239 eirea
765 1200 839 1238 textum

87 1279 161 1307 socrum
181 1263 282 1313 diligentie
301 1264 444 1304 accuratissime
454 1260 473 1318 ³)
488 1277 512 1304 ee
526 1277 560 1317 re,
577 1265 628 1318 quod
641 1264 698 1303 simili
710 1263 765 1304 modo
781 1266 838 1317 atque

87 1332 155 1373 lurdnei
173 1342 226 1369 sunm
244 1327 315 1368 liabent
331 1329 440 1376 illuserurnr
466 1332 536 1370 etenim
555 1343 592 1371 neu
606 1330 668 1371 solum
682 1331 757 1371 textum
771 1331 789 1369 in
802 1342 837 1370 co-

86 1399 128 1451 pite
149 1398 169 1438 et
182 1395 277 1437 lectiones
293 1407 334 1434 cum
350 1397 428 1447 proprio
442 1396 499 1437 titulo
514 1398 642 1450 dispertiunt,
661 1397 767 1437 sedetiam
784 1409 838 1436 eern-

88 1466 139 1505 meto
151 1462 253 1503 umnerent
266 1461 415 1515 uniuscuiusque
428 1462 480 1502 libri.
497 1463 529 1520 *lu
543 1464 580 1504 dne
593 1462 678 1504 codicum
693 1462 839 1515 Xorlroplrensis

88 1542 207 1582 recensionis
221 1529 295 1578 exacto
308 1537 389 1577 babetur
403 1540 530 1591 enumeratio,
549 1542 596 1593 quot
609 1529 705 1613 RQ&
718 1542 737 1579 in
749 1552 839 1592 unoque-

89 1630 126 1673 que
142 1618 191 1658 libro
204 1619 241 1657 tum
250 1613 275 1654 V.
290 1626 343 1667 quern
353 1614 378 1653 N.
389 1614 415 1653 Τ.
426 1615 519 1666 legantur
533 1616 623 1668 (Wisem.
637 1630 657 1668 p.
671 1615 738 1670 2⁰3]-
764 1617 837 1658 nonen

90 1685 146 1725 uredo
164 1684 179 1724 1.
197 1685 221 1723 li.
240 1680 350 1722 (berhardus
370 1681 441 1733 disput.
460 1680 486 1721 ll.
506 1682 530 1721 de
545 1682 569 1721 N.
584 1683 610 1722 T.
624 1683 671 1734 Syr.
685 1684 758 1732 refert,
778 1683 839 1723 codici

90 1780 224 1791 ——-—-—--

153 1835 172 1879 1>
187 1834 256 1870 lVisem.
273 1835 284 1868 l.
300 1844 314 1869 e.
332 1844 372 1880 pag.
386 1838 424 1872 139.
436 1845 461 1879 sq.
473 1833 527 1869 ridler
539 1834 579 1871 lull.
592 1835 651 1870 Reise:
665 1835 774 1878 „Veriunteu
784 1837 840 1871 finden

90 1889 127 1924 sich
144 1888 178 1923 lust
193 1900 226 1923 nur
241 1890 258 1923 iu
274 1889 306 1923 den
318 1888 405 1925 Pertikcln
420 1890 453 1924 und
468 1890 628 1925 tierriuneliorren.“>
643 1889 688 1925 Idem
700 1890 721 1925 de
731 1900 785 1934 verns.
798 1894 840 1925 etc:

90 1944 128 1996 „In
142 1946 200 1989 paucis
217 1944 283 1990 quidem
299 1954 343 1989 qnae
355 1939 411 1979 evolvi
422 1945 465 1979 locis
477 1946 539 1980 nullom
551 1945 572 1979 ab
585 1944 659 1979 editione
671 1945 763 1980 Viennensi
776 1945 840 1980 dIsere-

89 2001 164 2044 pannon
176 2000 251 2044 reperi.“
273 1999 311 2034 Vid.
324 2009 376 2045 snpra
388 2010 427 2045 png.
439 2002 476 2038 146.

156 2063 175 2108 2)
191 2063 288 2100 Bernstcbr'
297 2063 336 2110 Syr.
351 2063 399 2099 stuc.
414 2064 433 2100 Z.
451 2065 466 2100 d.
481 2064 506 2101 ill.
524 2063 543 2101 G.
559 2063 841 2108 volntlase.1v.pag.eee.:

90 2118 139 2160 „Dic
157 2119 248 2154 P'sclrittlro
265 2120 294 2153 des
311 2118 331 2153 N.
349 2119 463 2161 T‚,¹uelclre
478 2120 579 2155 winderholt
593 2118 735 2164 herausgegeben
749 2118 783 2153 und
798 2118 842 2153 nnelr

91 2173 222 2209 Hernlsclrriiieu
236 2174 334 2220 verbessert
350 2174 420 2209 worden
437 2175 469 2219 ist,
482 2175 525 2220 liegt
536 2185 567 2210 rurus
579 2176 597 2209 in
609 2175 662 2209 einem
674 2174 842 2220 verlniltnissmitsslg
863 2206 865 2212 t

91 2229 163 2263 bessern
178 2229 263 2264 Zostnnde
279 2241 320 2272 uer,
336 2229 411 2265 obsclreu
423 2230 465 2265 anch
478 2233 503 2265 sie
515 2241 546 2265 ans
558 2230 651 2265 besondeus
663 2230 718 2264 {ulter-n
730 2230 841 2265 Handsclnrii-

91 2284 120 2317 ten
135 2283 180 2316 neelr
194 2285 280 2328 uiclseitig
293 2284 337 2318 uirtt
353 2287 439 2330 gerelmgl
454 2286 489 2320 und
502 2286 600 2320 uerbessert
615 2285 683 2320 werden
694 2284 781 2319 kdrrnerr.“
803 2284 843 2319 Duox

90 2340 156 2372 tanturm
171 2338 198 2373 uir
214 2337 320 2374 doctissimus
333 2339 383 2374 allent
400 2340 477 2385 exempla
486 2333 598 2384 scripturae,
621 2350 665 2385 quue
678 2340 711 2384 ipsi
723 2343 804 2383 corrupto
815 2342 841 2374 vl⁴

92 2396 153 2440 deutur
166 2402 203 2437 Aet.
221 2402 262 2446 XX,
278 2405 305 2440 15.
322 2390 417 2447 ⁶QOss
434 2405 463 2438 ubi
477 2404 567 2448 legendnm
579 2406 601 2439 sit
612 2396 691 2453 ‘mosol
703 2406 720 2438 et
730 2402 783 2449 ripoo.
795 2403 841 2448 XXI,

92 2493 118 2527 19.
129 2481 261 2546 xmopletloe
273 2490 369 2525 mutandum
380 2491 398 2524 in
408 2480 537 2544 amOffAEtQ

159 2567 179 2609 3)
192 2567 249 2602 Codex
264 2577 324 2602 recens
337 2569 410 2612 scriptus
422 2578 459 2601 cunr
471 2567 594 2610 exemplaribus
606 2568 683 2611 probetis
695 2569 774 2601 accurrate
784 2568 843 2601 eonte-

92 2619 173 2661 rcbotur,
185 2631 206 2654 ne
215 2621 311 2665 scribarum
323 2632 391 2658 errores
403 2621 505 2657 residerent.
526 2620 553 2656 Ite
564 2626 610 2657 certe
621 2622 694 2667 explicui
701 2620 780 2656 Euroldus
790 2618 843 2656 voce-¹

92 2685 150 2719 bulum
162 2683 228 2731 >030
244 2689 313 2731 saeptus
328 2690 346 2722 in
362 2689 438 2723 coelicum
452 2686 545 2732 epigraphe
561 2690 652 2731 repertum.
674 2686 743 2723 llisen.
754 2686 792 2723 hur.
805 2688 843 2734 Syr.

92 2760 133 2796 pag.
151 2753 189 2789 red.
210 2750 237 2786 En
253 2754 320 2786 crurum
335 2754 389 2787 voluit
405 2753 508 2788 consuetude
522 2754 566 2787 inter
578 2752 630 2798 Syros
643 2755 660 2787 et
673 2750 757 2797 Graecos,
774 2758 793 2791 ut
803 2755 844 2790 libri

92 2802 174 2852 descripti
187 2808 313 2843 correctoribus
326 2808 439 2844 truderentur.
