1786 3062
55 171 148 235 “aaa

107 285 151 322 libri
168 282 187 320 bi
208 291 274 319 omnes
294 279 379 332 recepti;
405 290 430 318 ex
449 278 537 330 epistolis
555 278 649 319 lectiones
668 290 745 331 quoque
763 278 852 331 publicae

108 350 181 388 sunrtae
203 348 258 397 scrut,
281 346 332 398 quod
352 344 392 384 'non
417 343 486 385 iactum
506 346 537 384 est
552 346 571 383 in
586 344 719 397 Apocalypsi.
752 346 816 401 Quare
834 344 853 384 id

108 414 182 467 quidem
201 412 337 464 certissimum,
362 424 388 451 ex
409 411 542 451 Maronitarum
565 412 660 462 scriptura
672 410 790 466 ‘depromtcs
809 422 853 451 csse

108 481 168 521 libres
185 479 241 532 illos,
266 479 290 520 de
310 480 378 533 quibus
398 491 445 519 nuuc
465 478 539 528 agium
563 479 616 518 euius
632 480 695 518 tamon
710 480 794 520 auctoris
808 480 853 531 siut,

108 547 167 599 plane
185 547 261 586 dubium
279 549 316 587 est.
345 547 364 586 A
382 547 425 586 lllar
440 545 484 586 aba
504 558 538 585 eos
551 548 635 598 scriptos
649 557 705 597 esse,
724 558 779 598 quem
793 546 855 585 lliblia

108 613 134 654 V.
155 614 180 653 T.
199 614 281 663 Syriaco
301 614 422 654 transtulisse
440 625 498 665 supra
511 612 620 664 retulimus,
638 612 714 653 coniicit
729 613 855 663 Assenranus,

109 680 146 719 sed
163 673 187 718 ne
203 679 226 717 iis
245 679 318 731 quidem
339 681 458 729 argumentis
474 681 596 729 exstructus,
616 691 664 730 qrrac
677 674 855 732 iraucsbypotnesm

110 746 200 786 intentius
220 746 325 785 exarniuari
343 746 428 789 iubeant.
457 746 488 784 llx
503 745 541 783 Bar
554 745 639 785 Salibaei
652 746 717 785 verbis
732 733 785 785 multi
799 744 856 783 'Pbo-

109 824 157 851 nram
178 812 275 850 auctorem
290 824 335 851 esse
349 811 475 864 conrprobare
489 812 552 852 conati
568 814 624 862 suut,
644 813 674 853 eui
689 812 772 864 opinioni
785 811 874 851 suffra-1

79 922 81 924 ,
107 878 155 929 gari
178 878 258 930 primum
280 878 382 919 videbatur
407 879 471 931 aliqua
492 878 630 930 interpretandi
649 877 773 918 similitudm'
791 877 820 917 lta
838 879 857 917 in

110 944 233 998 Apocalypsi
248 945 323 986 articuli
337 958 469 999 nonnunquam
484 946 598 998 redduntur,
614 945 684 984 sutirxa
697 946 794 996 vitantur,
809 957 858 986 ver-

110 1013 180 1050 borum
196 1013 316 1061 etymologia
328 1010 358 1063 ¹),
380 1014 487 1061 structura,
511 1013 557 1051 ordo
577 1024 599 1050 ac
614 1012 656 1049 fere
669 1022 757 1049 numerus
771 1011 857 1060 diligen-

111 1077 184 1117 tissime
206 1077 323 1117 observatur
336 1078 362 1116 ita
379 1079 399 1117 ut
413 1078 445 1117 vel
460 1077 551 1117 'I'bomam
564 1078 597 1117 vel
611 1078 690 1117 similem
706 1079 748 1115 eins
760 1078 858 1129 iuterpre—

110 1146 148 1183 tem
171 1143 228 1183 iacile
253 1155 351 1194 agnoscas
359 1140 387 1197 ²).
419 1140 549 1195 Reperiuntur
574 1145 636 1184 tamen
654 1144 748 1184 horrenda
765 1141 875 1197 qriaeuam‘

71 1250 76 1253 γ.
111 1211 169 1261 vitia,
189 1210 235 1254 *nisi
253 1210 318 1261 potius
336 1211 399 1249 inesse
417 1213 475 1262 putes
496 1210 646 1261 etymologicum
666 1211 765 1250 ludibrium
784 1213 805 1251 ct
820 1210 857 1249 de·
874 1237 875 1240 =

110 1277 181 1316 tectam
195 1276 315 1315 seutentiam.
342 1274 383 1314 lud.
401 1289 423 1315 v.
436 1275 457 1316 6.
477 1277 556 1328 diepam
573 1274 643 1323 cittium
662 1278 759 1317 redditur:
776 1276 859 1316 vinculis

110 1342 196 1390 ignotis3
219 1340 284 1391 Apoe.
302 1339 358 1393 Viri,
379 1340 411 1381 13.
430 1342 568 1394 pascoapdappa
587 1343 711 1394 eorrrpoeitunr
731 1342 812 1383 babetur
832 1354 859 1381 ex

109 1409 170 1460 μέσος
179 1427 205 1435 -
217 1405 266 1458 adopt
282 1409 302 1446 et
317 1401 365 1459 αἷμα
380 1406 425 1460 [sed
439 1421 457 1447 c.
471 1408 531 1459 XlX,
548 1407 579 1447 17.
593 1409 612 1447 in
623 1404 684 1448 medic
695 1405 778 1462 coeliti.
806 1409 858 1448 Ver-

45 1500 49 1505 ·
110 1474 165 1512 sione
184 1471 323 1513 Plriloxeniana
341 1487 359 1513 s.
378 1475 443 1525 potius
459 1474 586 1515 Heracleensi
606 1474 657 1515 edita
675 1466 859 1525 dubitatioui'locus

110 1554 149 1581 non
169 1538 248 1580 relictus
268 1542 310 1588 est;
335 1544 417 1594 apparet
435 1543 483 1581 eninr
502 1543 550 1581 satis
569 1554 639 1593 inagna
659 1542 769 1582 diversitas.
795 1541 859 1597 Quare

110 1610 167 1659 sunt,
191 1607 223 1658 qui
243 1608 337 1659 epistolas
361 1609 493 1648 Poeoclrianas
511 1609 616 1660 Polycarpi
639 1609 749 1648 versionem
769 1609 859 1659 babeant,

111 1687 166 1728 qnam
180 1671 271 1713 Thonram
288 1663 398 1714 correxisse
415 1676 496 1714 constat.
525 1675 565 1715 allii
579 1675 641 1716 aliter.
670 1673 770 1715 Accedunt
785 1676 858 1714 omnino

101 1741 207 1793 ,epistolae
224 1739 270 1778 illae
287 1741 376 1791 quattuor
395 1741 419 1780 ad
438 1740 485 1779 illud
499 1742 663 1793 interpretationis
679 1753 754 1792 genus,
765 1741 824 1792 'qarod
839 1743 858 1780 in

56 1854 58 1861 J
111 1819 164 1847 vers.
182 1804 261 1846 Plrilox.
279 1807 405 1858 conspicitur3
424 1808 537 1847 tamennon
552 1808 618 1847 eadem
632 1810 663 1848 est
675 1806 743 1847 inillis
758 1806 859 1858 diligentia

112 1876 132 1913 et
152 1872 291 1924 scrupulositas
311 1884 374 1926 neque
388 1873 485 1913 sulliciens
498 1874 578 1924 linguae
594 1874 682 1914 Graecae
697 1874 773 1926 peritia.
800 1874 860 1926 Apo-

111 1941 198 1994 calvpsis
212 1940 340 1997 inversionis
353 1939 504 1980 Plriloxenianae
518 1939 616 1980 codicibus
629 1952 667 1981 non
679 1941 763 1991 legitur3
782 1939 860 1991 Hugius

112 2020 164 2059 eanr,
191 2018 246 2059 qnam
268 2006 328 2047 edidit
353 2006 377 2047 de
402 2006 464 2058 llieu,
481 2006 643 2063 ‘Plriloxeniauae
666 2007 761 2047 versionis
786 2009 860 2060 partem

52 2121 55 2124 ἱ
110 2074 169 2114 habet
180 2071 207 2126 ³).

165 2137 244 2192 „Neque
262 2145 310 2178 vero
328 2138 358 2177 bic
374 2139 537 2189 praetereundum
552 2140 593 2191 est,
614 2150 640 2176 ox
653 2139 687 2179 illo
702 2140 799 2192 tempore,
813 2141 860 2180 lila-

112 2206 215 2252 ronitarnm
234 2198 320 2255 collegio
339 2205 412 2245 Romae
432 2205 538 2257 eollocato,
559 2207 702 2257 grarrrrrratIcam
718 2206 818 2257 Syriacam
827 2209 860 2248 rra

179 2404 197 2448 1)
211 2402 236 2439 ul.
252 2403 300 2449 ling,
317 2405 414 2451 Einleirung
424 2412 441 2442 3.
453 2407 499 2442 dull¹
510 2409 523 2442 l.
535 2408 574 2442 Tlrl.
585 2419 625 2453 pag.
637 2411 675 2444 353.
698 2406 785 2443 Gutbirius
796 2409 860 2445 Lerico

112 2459 192 2495 adnexuit
209 2458 316 2504 spicilegium
332 2462 421 2495 continens
437 2462 527 2496 nonnullas
540 2463 696 2509 rlictionespariirn
708 2467 808 2510 peregrinas
820 2476 860 2510 par-

111 2517 141 2548 rim
156 2517 213 2548 rarius
231 2520 351 2558 occurrenies,
372 2525 443 2560 quarum
459 2516 542 2559 plurimae
556 2518 635 2562 leguntur
650 2521 666 2552 in
684 2529 721 2564 epp.
733 2513 768 2554 illis
781 2524 861 2565 quattuor

112 2573 130 2603 et
139 2571 157 2602 in
169 2569 276 2613 Apocalypsi.

178 2632 198 2676 2)
213 2633 325 2679 Apoealypsis
341 2637 359 2669 in
371 2635 504 2670 Philorcnianue
519 2638 604 2671 versionis
615 2636 641 2672 ll.
654 2639 671 2672 S.
682 2638 772 2673 llidleiano
784 2648 819 2672 non
832 2649 861 2673 re-

112 2689 185 2741 peritur.
207 2686 275 2722 Monuit
290 2688 373 2732 Vibilius,
389 2693 463 2735 reperiri
479 2700 516 2725 eam
531 2692 549 2725 in
565 2692 602 2728 cod.
616 2691 728 2736 Florentino3
746 2694 773 2727 eui
785 2692 861 2728 'llronrae

112 2754 174 2779 nornen
185 2742 298 2788 subscriptum
311 2747 338 2778 sil.
361 2744 395 2779 Sed
406 2746 445 2781 vide
456 2745 536 2782 Adlernm
548 2746 568 2783 de
579 2757 633 2784 verso.
645 2752 699 2794 pia.

179 2808 198 2854 3)
210 2807 235 2842 Gi.
248 2807 331 2860 Storrium
343 2811 360 2844 in
373 2810 383 2844 l.
399 2820 412 2846 e.
424 2815 441 2846 et
453 2811 466 2847 Ι.
480 2811 500 2845 D.
512 2811 613 2848 Miulruelem
626 2815 643 2848 in
654 2812 720 2850 lutrod.
731 2815 749 2848 in
761 2811 783 2849 N.
796 2812 817 2848 Τ.
