1786 3062
729 120 730 123 '
758 125 800 165 223

135 252 171 279 usn
185 239 282 289 receptam
299 249 356 289 esse,
377 239 472 292 quemeclo
488 251 500 277 a
515 238 562 279 viris
577 237 690 288 Maronitis,
711 235 799 285 Georgie

74 321 104 348 nnn
130 304 149 359 ¹)
173 305 291 356 potissimum
317 304 445 345 tradila'est.
477 306 546 357 ltaque
565 307 629 343 ruronet
645 303 757 349 laudovicns
776 303 800 341 lle

74 376 78 386 '
124 373 141 412 in
160 371 281 424 praefatione
301 371 324 412 al
342 371 489 425 Apocalypsin,
505 371 533 409 ‘se
547 370 615 410 relicta
628 369 732 410 Clrallaica
745 369 800 421 'l'rc⁴
818 388 820 392 ·

64 440 110 481 relln
127 440 147 479 et
160 438 262 478 Benlcriaui
275 440 398 491 punclalIene
413 439 432 477 in
440 438 532 477 'eninlhlls
547 449 569 475 se
582 433 692 488 applicasse
704 436 800 488 Syriacae

60 509 131 557 inguae
145 505 232 557 regulis,
251 506 318 559 quales
335 505 358 544 alr
376 504 415 542 illis
433 504 537 553 expositae
555 505 633 552 essent,
650 502 673 540 ad
684 504 737 553 'quas
750 514 799 554 pre-

59 572 177 622 nnlganclas
187 572 242 623 inque
262 582 377 612 eorrrruunem
392 568 548 609 ceruseretmlinem
563 567 711 608 introducendas
724 568 801 625 rurultum

80 639 84 649 ¹
142 638 222 677 cuntulit
240 638 322 688 Syriaca
342 635 365 674 V.
386 638 406 674 et
421 634 488 674 Ns'll.
504 636 582 686 versio,
600 636 619 674 in
634 633 802 685 Pelyglettis
824 625 826 627 V

76 704 247 744 arisiensileus
264 716 324 755 opera
339 704 358 740 et
371 713 425 739 marm
438 700 533 741 Gabrielis
545 702 632 742 Sienitac
641 700 700 740 edita.
719 701 802 740 linen-

68 781 114 809 asse
132 770 223 821 qunaelam
245 771 265 808 et
286 769 376 808 variasse
399 767 467 807 licitur
483 767 570 818 Sienita,
589 768 620 819 qui
636 767 716 806 vocales
732 768 802 820 urbique

68 836 146 886 ppeseit
169 838 188 874 et
207 835 232 874 V.
250 835 275 873 Τ.
299 834 359 873 libres
381 835 453 885 prinrns
470 836 545 886 punctis
563 835 663 885 instruxit,
682 846 724 886 vqua
744 835 763 873 in
780 846 802 874 re

57 903 117 940 utrum
133 900 288 941 coerceatis.
303 912 326 938 nnn
341 902 437 952 preprium
450 901 538 939 iuelicium
554 904 633 940 secutus
648 903 686 948 sit,
704 902 803 939 incertum.

135 964 236 1004 lliiclraelis
245 962 265 1019 ²)
285 966 366 1005 maxime
383 967 403 1006 in
415 966 540 1019 Apocalypsi
553 966 634 1019 reperiri
649 964 707 1005 urrurlta
721 965 744 1004 ae
760 964 804 1004 eli-

64 1033 106 1069 iene
124 1031 219 1071 Landevici
234 1031 258 1071 ie
273 1032 325 1071 Dieu
341 1032 471 1085 discrepantia
486 1036 551 1073 memet
564 1044 628 1087 neque
642 1032 757 1083 deleverunt,
772 1032 804 1084 qui

119 1109 129 1135 e
148 1098 269 1137 arbitrarium
285 1099 396 1151 minimeque
411 1103 483 1140 centnm
496 1100 624 1152 prehatumve
638 1097 741 1138 hahuueriut
755 1097 804 1136 huuc

125 1175 160 1202 'ern
176 1158 324 1215 punctatorern„
345 1164 473 1206 Veruntamen
486 1167 504 1205 in
517 1164 640 1217 Apocalypsi
653 1164 705 1202 alind
718 1164 804 1203 sortasse
840 1156 844 1159 ’

143 1232 222 1274 seculus
241 1230 361 1269 estSionita
380 1232 399 1268 in
417 1231 466 1271 loeis
484 1231 596 1283 quihnnsdam
613 1230 709 1269 diversum
725 1229 749 1268 ale
763 1229 804 1278 illo,

128 1294 151 1333 ie
168 1294 216 1333 [lieu
238 1308 248 1334 a
262 1307 284 1334 se
296 1298 392 1335 ‘aceruate
406 1289 536 1349 descriptum,
555 1297 591 1338 sed
605 1295 668 1336 miultis
682 1295 756 1335 mendis
769 1307 805 1334 re-

63 1360 125 1398 'erlum
146 1372 190 1419 esse
212 1363 305 1408 testatn'r3
330 1362 381 1414 qnod
401 1365 463 1402 anetem
480 1364 499 1402 in
517 1364 641 1414 pernotatione.
659 1364 750 1408 universa
767 1373 805 1400 nen

67 1438 95 1465 am
116 1432 151 1464 sne
171 1427 249 1477 ingenie
268 1427 380 1480 inclaruerit,
406 1418 460 1481 quam
476 1431 569 1470 rationem
583 1432 604 1470 et
618 1429 740 1470 traditionem
754 1429 806 1468 auti-

132 1494 158 1532 sil
176 1491 413 1546 seculus,'Wise1nanns
434 1496 511 1537 cellatis
526 1490 671 1548 Karlraphensis
688 1496 806 1536 reeeusienIs

123 1566 145 1597 us
161 1561 302 1611 comprobavit.
329 1562 367 1601 Est
379 1563 440 1611 igitur
453 1563 565 1616 tenendum,
584 1563 725 1615 punctationem
739 1562 806 1601 textus

138 1625 216 1676 Syriaci
229 1628 280 1678 *esse
299 1628 317 1666 in
337 1629 448 1679 niuversum
467 1641 520 1681 canu,
542 1628 597 1681 param
611 1629 710 1669 lacebitae
726 1629 747 1667 et
760 1628 807 1668 illa-

122 1702 132 1729 e
148 1692 273 1732 tradiderunt.

97 1784 99 1787 .
125 1755 280 1808 Polygletta
295 1757 467 1800 Leulinensia
483 1762 556 1800 textum
571 1760 674 1812 exhibent,
689 1761 711 1799 ut
722 1760 741 1799 in
757 1760 808 1799 Pre-

60 1820 167 1871 legomcnis
182 1822 260 1872 uicina,
279 1837 317 1863 non
333 1838 359 1865 ex
372 1827 456 1879 propriis
469 1827 555 1878 iudiciis,
570 1828 605 1867 sel
621 1828 724 1868 secunaum
739 1838 808 1865 exem-

139 1887 188 1927 nlss.
207 1892 336 1932 constitutum.
363 1893 494 1935 illemerantur
508 1897 565 1935 etiam
580 1896 707 1947 inapparatu
722 1894 809 1933 Waltoni

62 1955 150 2007 celicas,
165 1968 245 2008 querum
260 1959 312 1999 faeta
328 1961 354 2008 sit
370 1955 448 2013 collatio
463 1962 481 2000 in
495 1961 521 2001 V.
537 1961 573 2011 Τ.,
594 1961 623 2000 lli.
636 1962 659 2000 S.
674 1961 711 1999 clune
727 1959 808 2008 Usserii‚
838 1946 840 1954 ¹

62 2021 142 2060 alternum
159 2022 248 2062 Peceelrii
263 2028 282 2064 et
297 2025 347 2064 aliun
363 2037 390 2065 ex
405 2027 454 2066 erni.
468 2024 634 2078 Gantelrrigieusi,
656 2027 691 2066 sei
707 2027 731 2065 dc
745 2025 770 2064 N.
782 2025 808 2064 Τ.

63 2087 119 2126 altum
137 2088 232 2128 silentium
252 2093 291 2131 est.
321 2091 407 2133 Historia
425 2091 449 2132 de
470 2090 557 2132 adnuitera
576 2092 641 2133 annm
656 2094 687 2133 est
703 2104 729 2132 ex
744 2092 771 2131 lll.
787 2091 810 2132 S.

125 2155 136 2165 “’
158 2155 387 2204 ver-s„Plnloxeniauau
410 2159 530 2209 continente,
554 2158 587 2197 nei
611 2161 693 2208 ruargini
713 2158 812 2209 adscripta

62 2217 132 2272 ΜΗ).
165 2212 300 2273 Propenuntnr
319 2223 437 2263 selummodo
456 2224 475 2263 iu
492 2223 553 2264 Temo
572 2224 638 2265 ultime
658 2225 724 2265 variae
740 2225 812 2264 lectio-

131 2408 149 2453 1)
163 2408 248 2456 Georgium
262 2413 324 2449 clurino
336 2417 353 2449 in
370 2417 442 2459 patriam
456 2415 512 2449 'redux
526 2416 765 2462 Maronitarumpatriarcha
778 2419 813 2452 cle-

65 2465 100 2496 elus
111 2468 142 2499 est.

129 2527 150 2571 2>
165 2527 233 2564 Eiumn.
246 2532 272 2565 ius
288 2529 308 2565 N.
320 2531 341 2566 T.
353 2531 368 2566 L
378 2541 418 2577 pag.
428 2535 466 2572 375.
489 2534 601 2580 Apocalypsis
614 2540 632 2571 et
643 2547 681 2581 epp.
693 2539 774 2582 quattuor·
786 2546 814 2570 ca-

130 2593 138 2616 e
154 2586 225 2626 primum
240 2587 257 2618 in
272 2585 327 2620 Paris.
344 2586 410 2632 Polygl.
426 2598 463 2622 curn
478 2591 558 2625 versione
576 2593 646 2637 antiqua
658 2591 734 2635 Simplici
746 2590 814 2624 eealuc-

126 2639 166 2683 tque
178 2647 199 2672 ex
210 2639 240 2673 ille
252 2639 359 2685 eenrpere'in
369 2643 449 2685 ‘emnilrns
461 2645 587 2689 exemplaribus
598 2646 683 2693 leguntur.

131 2700 150 2744 3)
166 2700 185 2736 ln
200 2699 258 2738 cellice
271 2703 360 2749 Ridleiane
374 2706 447 2741 lrisievie
458 2707 501 2743 haec
512 2709 533 2744 ele
545 2710 623 2745 adultera
634 2710 704 2755 Syriaca
718 2718 767 2744 versa
777 2717 814 2742 esse

142 2765 153 2789 a
168 2755 207 2791 Mac
219 2757 257 2792 Aba
269 2768 284 2794 a.
297 2762 334 2795 522.
347 2779 369 2786 -
391 2762 469 2796 Steurius
480 2765 498 2799 iu
510 2764 551 2800 (leel.
565 2763 619 2799 Paris.
632 2773 676 2798 vers.
688 2763 775 2798 Plrilexen.
788 2762 814 2796 al·
