1786 3062
758 138 786 179 57

24 248 133 301 ¹manorum
149 251 218 291 hostis.
245 251 292 290 Erum
310 251 380 291 Lucius
399 250 463 291 Verus
481 263 499 291 a.
516 250 555 293 165
571 254 589 292 in
604 252 685 293 cilicium
699 251 787 301 redege-

38 320 79 369 rat,
96 331 151 370 quum
166 319 225 357 duces
239 319 280 356 eius
293 318 354 356 Prisc.
366 318 426 357 Avid.
441 318 523 359 Cassius
537 320 557 358 et
571 319 656 358 biartius'
670 315 788 361 VerusBa-

38 375 141 435 hylouem,
162 383 271 423 Armeniam
290 385 311 423 et
327 384 410 425 Mediam
426 384 554 425 vindicarent,
580 385 683 425 Ronmnam
698 385 788 432 ditionem

40 451 149 501 ingressum
168 451 236 489 iterum
256 448 376 501 Vologesen
394 453 421 503 (a.
437 447 496 504 194.)
510 451 599 492 Severus
611 455 707 504 coercuit,
726 453 789 504 captis

41 518 104 557 nrnltis
120 517 196 556 urbibus
212 518 261 557 inter
276 529 324 570 quas
337 519 416 558 Nisibis.
444 518 519 558 Deinde
533 519 557 557 alr
568 518 681 558 Artaxerxe
690 520 794 558 Persicum

41 585 138 637 imperium
158 587 285 625 restauratum
301 587 343 635 est,
364 586 415 638 qued
429 585 577 625 Sassanidarum
593 583 700 639 vocant¹].
727 584 790 625 Arta-

41 651 111 690 xerxis
132 663 235 692 successor
258 653 357 705 Saperes,
373 643 458 693 'infausti
481 653 572 692 Romanis
595 653 685 703 nominis,
709 652 791 703 Nisibin,

43 718 126 759 Carrhas
140 720 239 770 ipsamque
253 719 373 759 Antiochiam
386 720 438 770 cepit
452 717 547 770 diruitque
559 721 579 758 et
592 719 668 757 biennio
681 721 726 770 post
737 716 792 758 Cae-

43 776 106 824 sarem
119 785 181 835 ipsum
193 785 315 823 Valerianum
330 786 428 834 captivum
441 783 528 823 abnuite.
556 785 608 823 Urbe
622 785 683 824 Roma
694 785 747 823 bello
762 782 792 824 ei-

12 901 14 905 γ
43 851 78 890 vili
94 852 134 889 tum
148 849 244 899 lacerata,
264 848 364 888 Odenatus
379 849 535 899 Palmyrenorum
550 860 587 887 rex
600 850 695 901 Saporem
709 852 728 888 io
740 836 795 888 Perss

45 915 105 953 sidem
120 914 184 952 redire
199 915 272 964 coegit.
301 913 341 954 Sed
361 926 414 954 nova
427 915 478 954 bella
497 916 589 967 parantes
603 915 675 955 Persas
691 907 793 955 etiterum

44 983 150 1032 iterumque
168 981 295 1035 irrumpentes
311 980 432 1020 debellarunt
444 982 525 1032 postea,
545 992 601 1032 qumi
615 981 689 1019 Narses
703 981 741 1020 illis
756 980 793 1030 im-

44 1048 134 1101 peraret,
155 1043 250 1086 Carus'et
264 1046 389 1086 Numerianus
402 1045 430 1100 [a.
446 1044 515 1100 282),
536 1048 594 1098 capta
609 1046 700 1087 Seleucia
714 1050 734 1087 et
744 1046 794 1088 Cte-

46 1112 135 1164 siphonte
148 1114 206 1164 atque
216 1113 359 1165 Mesopotamia
375 1116 416 1155 tota
431 1112 546 1160 exturbata3
565 1113 621 1152 iidem
635 1114 654 1153 in
667 1112 795 1167 Christianos,

46 1181 103 1220 Decii
120 1181 156 1219 iam
174 1180 293 1231 temporibus
311 1183 367 1220 etiarn
385 1181 423 1219 illis
440 1181 459 1218 in
479 1180 592 1229 regionibus
612 1182 708 1231 vexatos,
732 1179 795 1221 acrem
819 1214 829 1226 ⁴,
859 1230 862 1236 Ἰ

47 1247 202 1300 persecutionem
227 1248 388 1287 conver-terme.-
409 1247 458 1285 Post
482 1244 527 1285 Cari
551 1246 622 1285 obitum
641 1247 715 1286 Persae
741 1255 797 1300 quum

48 1313 208 1365 Mesopotamiam
230 1314 390 1364 recuperassent,
415 1324 426 1350 a
445 1311 566 1351 Diocletiano
589 1310 652 1364 (284]
677 1314 698 1352 et
719 1311 797 1352 Galerio

49 1377 110 1432 [297]
130 1379 203 1418 devicti
219 1381 263 1418 suunt
282 1380 302 1417 et
313 1378 456 1429 Mesopotamia
475 1390 511 1430 per
529 1378 659 1430 qnadraginta
677 1389 737 1416 annos
754 1379 798 1420 Ro-

50 1446 109 1485 manis
134 1439 248 1496 permansit
266 1444 290 1484 ad
313 1457 380 1483 armum
402 1456 464 1496 usqne
488 1444 561 1485 Christi
585 1442 636 1493 337,
665 1455 702 1494 quo
725 1445 798 1485 Persae

50 1511 112 1550 iraeto
135 1510 215 1550 foedere
235 1510 393 1561 Mesopotamiam
416 1510 478 1554 denuo
502 1510 588 1559 ingressi
604 1509 678 1548 Nisibin
700 1510 799 1551 obsidione

49 1578 157 1617 cinxerunt.

116 1664 136 1702 ln
155 1665 209 1703 tanta
223 1675 286 1702 rerum
301 1663 385 1703 civilium
399 1665 532 1704 vicissitudine
547 1666 567 1704 et
580 1653 724 1714 perturbatione
738 1674 801 1715 neque
825 1680 827 1688 ‹

52 1728 148 1769 ecclesiae
165 1731 228 1769 status
246 1731 327 1780 pacatus
343 1731 386 1769 fuit.
414 1730 501 1770 Rorrmno
514 1729 659 1779 Martyrologio
678 1726 714 1779 [ad
727 1728 745 1766 d.
758 1728 813 1784 Ian.⁴
845 1721 846 1725 ¹

53 1794 122 1835 XXIX
141 1797 166 1835 et.
179 1794 248 1843 XXX)
265 1797 282 1833 si
299 1796 354 1834 fidem
366 1795 471 1847 habemus,
488 1796 566 1835 Traiani
580 1797 667 1845 tempore
680 1794 803 1834 Barsinrceus

54 1860 155 1907 eeclesiam
169 1859 286 1899 Edessenam
299 1862 428 1914 gubernavit,
449 1863 482 1915 qui
495 1863 598 1915 postquam
613 1859 699 1910 gentiles
711 1859 804 1912 plurimos

54 1927 79 1967 ad
93 1927 149 1966 fidem
163 1927 270 1977 convertit,
286 1928 329 1979 ipse
345 1928 418 1967 demum
432 1927 524 1981 martyrio
539 1941 580 1968 eam
596 1927 714 1976 obsignavit.
742 1925 804 1965 Paulo

54 1995 101 2046 post
115 1993 211 2043 abgarus
226 1993 291 2033 Maani
304 1993 354 2032 lilius
370 1994 486 2044 religionem
500 1994 627 2035 Christianam
643 1993 743 2033 confessus
759 1987 804 2031 esse

55 2061 140 2100 videtur.
168 2060 191 2097 ili
207 2059 305 2098 familiaris
319 2060 356 2098 fuit
366 2060 500 2111 ssaeesmes,
516 2061 539 2099 de
556 2073 594 2112 quo
606 2058 654 2097 haee
668 2057 727 2097 habet
736 2056 805 2097 Moses

58 2125 117 2166 Cher.
136 2124 161 2176 (l.
179 2124 199 2161 ll
217 2126 238 2162 e?
248 2124 304 2177 63.}:
322 2124 462 2174 „bardesanes
476 2124 601 2175 Edessenus,
618 2123 740 2163 historiarum
754 2124 806 2163 seri-

57 2194 113 2243 ptor,
131 2189 277 2229 Valentinianae
293 2191 360 2227 sectae
372 2191 432 2240 prime
446 2177 567 2241 discipulus,
584 2201 639 2241 quam
653 2193 724 2240 postea
739 2189 814 2228 reiecit

58 2271 81 2298 ac
97 2255 180 2305 refellit,
203 2265 265 2306 neque
284 2256 348 2292 tamen
368 2255 392 2293 ad
411 2256 514 2295 veritatem
533 2267 555 2294 se
574 2255 672 2306 adiunxit,
691 2255 727 2294 seri
745 2255 769 2294 ab
784 2267 808 2294 ea

58 2325 113 2371 secta
131 2320 227 2361 decedens
243 2319 298 2359 aliam
318 2321 361 2371 ipse
376 2320 466 2361 haeresin
479 2323 567 2363 instituit.
584 2321 630 2360 ¹Vir
645 2324 687 2362 erat
701 2321 808 2360 litterarum

45 2436 47 2438 ¹
59 2401 145 2441 gnanus,
168 2388 200 2440 qui
224 2387 281 2425 etiam
305 2388 330 2426 ad
350 2387 453 2444 Antonium
477 2388 578 2439 epistelam
597 2388 682 2426 scribere
699 2398 758 2425 ausus
778 2388 810 2425 est
870 2381 876 2386 “

60 2456 169 2506 nurltosque
188 2463 287 2492 sermones
306 2454 373 2492 eontra
386 2453 511 2494 Marcionitas
530 2456 587 2506 atque
608 2445 750 2493 sirrurrlacrorunr
766 2452 810 2492 eul-

61 2525 100 2563 tum
119 2507 253 2573 corripesrrit.“
286 2510 342 2568 Ergo
364 2520 411 2570 post
428 2519 484 2559 iidem
500 2532 547 2559 rnox
566 2516 699 2560 Gnosticorum
718 2519 811 2559 haereses

62 2588 150 2629 invectae
170 2587 215 2627 surnt
232 2585 288 2625 etiarn
307 2585 325 2623 in
344 2585 512 2638 Mesopotamiam.
544 2585 585 2627 Sed
599 2586 637 2626 alia
652 2598 714 2640 eaque
729 2587 812 2636 gravior

67 2695 194 2704 .-.....--›---

132 2770 150 2814 1)
162 2768 188 2809 Er
199 2770 264 2805 calculo
277 2768 358 2814 Sororum
370 2778 412 2803 aera
423 2767 513 2804 Persarum
524 2768 570 2804 eadit
580 2772 598 2804 iu
610 2780 626 2803 a·
639 2774 678 2805 227.
