1786 3062
301 687 303 690 ,
345 637 456 683 Liber
475 637 635 692 quarens.

145 770 181 829 ito
198 767 314 827 versionis
332 768 442 846 tirrrodois
460 769 549 836 indole,
573 765 719 826 arrotoritoto
737 767 763 825 ot
781 778 831 824 non.
891 749 893 778 ²

449 1088 540 1131 Garsi.

165 1191 199 1233 De
218 1189 354 1231 versionis
375 1187 503 1242 Syriacae
523 1191 684 1233 arroteritate
703 1190 728 1231 in
747 1188 824 1232 retus

440 1257 549 1307 criticis.

186 1370 283 1423 Quaenam
306 1370 324 1408 ia
341 1367 400 1406 rebus
418 1367 490 1406 criticis
510 1368 615 1408 auctoritas
627 1368 720 1413 ,versioni
736 1371 814 1407 nostrae
832 1369 868 1408 tri-

121 1437 197 1479 huenda
210 1431 247 1488 sit,
267 1437 300 1476 uhi
314 1435 424 1488 quaeritur,
442 1435 521 1485 primum
537 1435 724 1487 circumspiciendum
741 1435 810 1475 estne
824 1447 870 1475 an-

107 1506 253 1560 tiquitate.
281 1502 331 1556 Quid
345 1513 406 1552 vero,
425 1500 449 1539 de
465 1502 579 1554 antiquitate
595 1504 677 1543 dubitari
691 1498 782 1557 quaeris?
801 1493 869 1541 Nonne

122 1574 188 1614 erudire
211 1569 246 1610 tihi
268 1568 367 1611 videharis
389 1567 466 1607 criticos
484 1580 549 1608 orrrnes
566 1580 603 1608 runo
620 1570 656 1609 ianr
675 1580 709 1610 ore
727 1566 869 1608 exclamantes:

59 1667 62 1671 -
120 1640 150 1681 En
165 1638 233 1678 testem
252 1631 411 1688 antiquissimum!
429 1634 538 1674 versionem
555 1635 649 1687 Syrorum
663 1636 773 1688 Strrrpticenr
788 1647 870 1675 accura-

121 1708 213 1748 tissimam
230 1703 291 1755 primo
311 1700 344 1741 vcl
363 1700 447 1741 secundo
465 1703 512 1753 post
528 1700 624 1742 Christum
644 1701 722 1743 saeculo
739 1703 820 1754 tactam,
838 1703 869 1741 iu—

122 1775 193 1815 tactam
215 1769 266 1809 illanr
290 1770 310 1808 et
332 1768 434 1818 illibatam,
458 1780 529 1808 suuuno
552 1781 629 1822 semper
651 1770 714 1810 studio
737 1769 788 1822 apud
805 1769 869 1820 Syros

122 1838 268 1889 transscriptam
288 1836 308 1875 et
326 1837 435 1885 servatam,
459 1835 513 1886 cuins
533 1835 610 1874 codices
627 1836 678 1876 haud
696 1837 753 1888 pauci
770 1834 871 1886 hahentur,

123 1909 156 1961 qui
169 1904 264 1944 Vaticano
281 1902 323 1940 fere
342 1902 362 1939 ct
375 1900 518 1950 Alexandrino,
537 1900 648 1948 charissimis
662 1903 729 1941 tentius
743 1900 813 1943 Graeci
827 1913 871 1941 nro-

122 1963 226 2019 narrentis,
242 1968 307 2007 aetate
319 1966 456 2020 aequiparandi
470 1968 503 2005 vcl
519 1969 574 2006 etiam
587 1967 714 2019 anteponendi
724 1968 774 2006 sunt.
802 1967 870 2008 Nonne

122 2038 224 2082 timendum
244 2035 286 2086 est,
310 2046 334 2073 uc
353 2045 432 2085 operam
451 2034 472 2073 et
489 2034 551 2073 oleum
572 2034 680 2087 perdidisse
700 2034 810 2087 videamur,
833 2036 870 2075 nisi

122 2107 230 2149 criticorum
248 2100 342 2151 sutfragia
361 2101 381 2140 et
394 2100 464 2141 iudicia
478 2101 571 2142 accedant
584 2102 692 2142 sententiae
707 2105 796 2152 nostrae,
814 2115 870 2154 qnam

123 2174 147 2213 de
166 2170 262 2209 versionis
276 2166 373 2219 Simplicis
391 2168 503 2220 antiquitate
518 2169 548 2208 tot
562 2167 658 2208 historicis
671 2168 790 2218 argumentis
802 2171 823 2208 et
838 2170 871 2207 tc-

122 2238 215 2279 stimoniis
238 2234 321 2286 prohare
345 2234 407 2273 connati
427 2228 506 2272 suuros‘t
529 2233 625 2273 Videlicet
647 2235 664 2273 si
685 2234 733 2273 viris
755 2236 787 2287 qui
804 2238 870 2275 sunnni

122 2306 216 2347 hahentur
228 2303 248 2341 in
261 2312 282 2340 re
298 2301 376 2352 critica,
392 2298 534 2339 siWctstcnio
547 2301 567 2339 et
582 2299 708 2341 Grieshaohio
722 2300 777 2339 fidem
791 2300 871 2354 habeas,

124 2372 246 2423 desperatum
265 2367 297 2406 est
313 2367 336 2405 de
355 2366 422 2405 labore
440 2366 520 2418 nostro,
543 2369 605 2407 actum
626 2366 650 2407 de
665 2367 761 2407 versionis
775 2366 871 2418 Syriacae

123 2438 222 2480 vetustate
242 2436 263 2474 rt
280 2434 358 2483 integra
375 2434 443 2472 terrra.
473 2433 600 2474 Praetvcrant
616 2434 663 2473 enim
678 2434 777 2485 Fuherus,
793 2432 871 2490 Grotius

124 2509 144 2547 ct
158 2505 186 2545 is.
214 2502 308 2554 vossius,
323 2502 356 2554 qui
367 2512 393 2540 ex
406 2512 456 2541 voce
470 2499 627 2555 Quaestionuuius
642 2500 712 2541 hlatth.
726 2500 814 2556 XXVII,
829 2502 871 2555 65„

123 2571 222 2624 xxviii,
235 2569 253 2611 l.
267 2570 342 2610 intimae
356 2568 465 2608 Latinitatis
478 2568 575 2608 vocabulo
588 2569 632 2609 Irrue
647 2569 716 2608 otarius
728 2570 812 2608 evictum
826 2582 882 2618 csso¹

123 2639 230 2692 putarant,
253 2636 331 2677 sacculo
350 2635 408 2675 sento
425 2646 463 2675 non
483 2647 528 2675 esse
547 2635 671 2689 antiquiorem
689 2637 798 2677 versionem
817 2635 871 2676 Sim-

123 2707 200 2759 ptieem.
229 2700 383 2743 Confirmaverat
400 2713 422 2741 ea
441 2702 460 2742 in
478 2702 567 2756 opinione
581 2702 671 2744 Vossiurn
685 2703 717 2743 vir
733 2701 872 2744 eruditissimus

123 2771 202 2814 Sarrruct
222 2769 340 2821 Bootaartus,
364 2768 395 2820 qui
414 2769 486 2808 duabus
506 2769 530 2810 ad
550 2769 600 2809 ittnnr
618 2770 690 2810 titteris
709 2768 806 2809 datisex
823 2780 871 2822 per-

124 2839 187 2880 multis
207 2835 311 2879 vocahults·
327 2834 419 2887 Graecis,
440 2846 488 2889 quae
503 2837 521 2876 in
535 2837 634 2890 utriusque
646 2835 767 2876 'restaurati
782 2838 873 2877 versione
