1786 3062
46 147 48 149 ’
99 171 141 214 aaa

103 295 159 337 quam
175 283 194 321 in
209 275 386 332 dcoem'capitiius
401 277 514 327 Evangelii.
540 276 617 317 loannis
632 269 786 327 livangelistae,
798 275 852 314 cuius
883 272 884 275 ’

104 348 235 389 Graecitatern
250 345 340 397 larrdaut,
360 345 413 384 tanta
427 345 458 384 est
469 344 561 383 sermonis
576 343 689 394 simplicitas
703 345 723 383 et
737 342 789 382 color
803 353 852 379 vere

43 415 45 418 ’
104 412 224 462 Aramaens,
249 411 293 449 sive
316 411 404 450 notiones
425 409 641 461 principales‘spectas
663 410 707 447 sivc
729 407 791 451 verba
809 407 853 445 sivc

105 478 209 519 veriorum
227 465 330 528 syrrtaxin,
355 476 376 515 ut
393 474 449 515 lrrrius
463 474 568 525 Evangelii
582 475 626 526 ipsa
638 474 774 514 Heracleensis
788 473 854 511 versio

106 546 193 597 promia,
215 542 315 593 splendida
336 542 357 581 ei
375 541 438 581 facilis
455 541 556 592 videatur,
576 541 625 580 alios
639 540 699 580 libros
714 542 731 579 si
745 539 855 580 corrtnlcris.

91 602 197 662 <Denique
215 608 266 661 quod
284 609 363 648 miratus
383 602 435 660 srrrn,
459 608 478 647 in
496 607 563 648 Iaooii
576 608 603 647 et
622 607 676 657 Petri
695 607 783 660 epistolis
793 605 856 661 ⁴,Syro

109 676 211 727 interpreti
227 675 270 714 fere
282 675 350 726 plures
366 677 386 715 et
400 676 482 714 rruaiorcs
496 673 619 713 difficultates
631 685 653 712 se
662 663 856 732 praebuerunt'quam

108 742 128 783 in
145 740 218 791 Paulo,
239 742 293 781 cuius
311 741 385 781 ornnino
403 741 456 780 tanta
476 741 508 780 est
526 751 558 778 ars
579 740 599 778 ct
616 739 710 792 facultas,
732 740 754 778 ut
774 733 827 791 quas
839 738 858 778 in
884 742 892 790 i,

110 806 191 855 dicendo
214 807 296 857 propter
318 807 455 847 sententiarum
479 806 612 845 abundantiam
635 805 781 857 ubertatemque
802 805 858 857 quasi
885 792 892 847 d

109 871 228 927 provocavit
251 869 387 925 difficultates,
409 871 486 913 easdem
510 883 616 924 superasse
638 871 692 912 sirmi
712 873 733 912 et
754 872 859 922 subegisse
886 885 892 933 ζ

111 939 203 979 dicendus
222 938 248 977 sit
268 939 288 976 et
305 950 367 978 rerum
386 940 505 989 gravitatem
522 937 710 989 profunditatemque
726 937 859 977 inexhaustam
888 968 890 971 ,

70 988 81 1036 ‘,
112 1005 224 1044 munerasse
243 1014 315 1042 sarrana
334 1005 456 1044 distinctione
475 1004 568 1042 sermonis
587 1005 607 1042 et
624 1002 751 1057 perfectione.
777 1002 799 1041 ln
813 1004 859 1055 epi-

108 1069 169 1111 'stolis
183 1070 256 1111 tautum
274 1068 298 1108 ad
318 1066 440 1124 Gorintlrios,
457 1069 561 1122 inquibus
580 1068 734 1109 vehementiores
753 1069 860 1114 auimiim-

112 1136 181 1188 pulsus
201 1136 222 1175 ci
239 1136 332 1173 sermonis
352 1136 471 1176 alacritatem
492 1134 648 1188 splendidumque
670 1129 785 1175 rhetoricam
799 1135 861 1175 adrui·
887 1125 891 1187 l

113 1202 180 1242 rantur
199 1210 275 1249 orrares,
297 1201 356 1242 toties
375 1203 396 1241 ct
412 1203 513 1254 tantopere
529 1201 596 1253 lapsus
615 1201 646 1241 cst
662 1199 726 1252 Syrus
743 1202 821 1253 noster,
841 1203 863 1241 ut
892 1211 893 1249 j

114 1267 171 1319 operi
183 1279 219 1306 suo
233 1264 287 1306 hisce
302 1267 412 1318 inscriptis
428 1268 517 1319 irreparem
532 1279 573 1306 euru
586 1268 646 1305 fuisse
660 1266 739 1322 liqueat.

408 1542 410 1544 ’
442 1554 499 1611 Gar.
515 1555 547 1596 iv,

133 1641 274 1685 Versionis
289 1640 418 1697 Syriacae
431 1639 537 1689 indoles
553 1643 679 1699 exemplis
693 1641 852 1687 illustratur.

185 1728 246 1784 Quum
269 1729 356 1774 orrrnihus
377 1729 425 1769 satis
448 1731 564 1781 compertum
586 1731 624 1782 sii,
648 1730 745 1770 Christum
766 1729 867 1772 Araruaice

59 1799 61 1803 ⁴
120 1796 204 1837 locutum
219 1806 264 1836 esse
278 1796 298 1834 cl
311 1794 451 1848 Apostolorum
465 1797 545 1835 ornniuru
560 1797 638 1836 eandem
649 1796 735 1847 linguam
749 1796 868 1838 fuissever-

119 1862 217 1913 caculam,
238 1862 304 1900 mirum
320 1861 381 1901 videri
394 1862 472 1912 potest,
488 1862 538 1913 qnod
552 1863 589 1902 tam
603 1864 661 1915 pauci
676 1864 749 1917 reperti
763 1865 818 1916 sarni,
836 1864 869 1917 qui

120 1930 232 1970 versionem
254 1926 356 1978 Syriacam
377 1927 401 1966 ad
419 1927 443 1966 N.
467 1927 493 1967 Τ.
517 1924 577 1969 lihros
600 1930 724 1969 illustrandos
748 1919 867 1970 adhiberent.

123 1994 183 2036 Cuius
204 1995 233 2034 rei
251 2004 321 2033 causae
341 1994 407 2046 plures
424 2005 468 2033 esse
488 1994 584 2034 videntur.
615 1997 696 2035 Primum
715 1996 775 2048 enim,
800 2007 869 2048 quam-

122 2073 178 2114 quam
196 2059 263 2101 versio
277 2058 359 2109 Syriaca
377 2060 436 2100 toties
453 2060 505 2100 edita
514 2063 540 2100 et
554 2061 623 2113 ubique
637 2061 758 2113 pervulgata
772 2063 814 2113 est,
834 2075 868 2101 ra-

121 2128 161 2167 rior
174 2129 238 2168 tamen
257 2126 289 2164 est
304 2135 328 2164 ca
340 2124 420 2174 linguae
435 2125 530 2176 Syriacae
543 2127 630 2177 cognitio
645 2129 665 2167 ct
678 2122 773 2179 facultas,
790 2140 827 2182 qua
842 2128 869 2168 illi

122 2184 171 2246 opus
191 2194 232 2245 est,
250 2191 282 2245 qui
298 2201 325 2231 cx
339 2192 435 2231 versionis
449 2192 501 2231 iilius
516 2205 551 2232 usn
565 2194 639 2234 fructus
652 2194 753 2234 uberiores
767 2187 870 2247 peierpcre

121 2260 177 2301 velit.
207 2258 301 2308 Accedit,
320 2258 370 2310 quod
385 2257 468 2310 Syriaca
482 2259 555 2311 scripta
569 2260 668 2300 admodum
682 2272 745 2313 pauca
758 2261 811 2302 edita
825 2262 869 2301 sunt

122 2327 142 2366 ef
158 2326 280 2366 desideratur
298 2324 360 2363 adhuc
374 2325 460 2370 cirusdem
479 2325 558 2375 linguae
575 2326 653 2367 lexicon
672 2329 692 2366 ct
709 2317 823 2379 thesaurus,
843 2340 870 2367 ex

121 2403 159 2444 quo
179 2391 281 2431 verborum
300 2385 445 2440 notio'planius
466 2392 560 2441 cognosci
578 2394 646 2446 possit
654 2391 680 2446 ¹),
713 2391 800 2445 Deinde,
823 2392 870 2433 licet

120 2458 233 2510 Ernestius,
258 2456 291 2509 qui
309 2455 461 2495 lrcrrueneuticac
482 2457 542 2507 leges
560 2461 632 2510 optime
648 2459 776 2510 descripsisse
794 2460 869 2512 dicitur,

119 2519 199 2576 primum
220 2524 312 2577 oporiere
333 2523 425 2562 statuerit
442 2524 567 2574 interpretem
582 2524 605 2563 N.
619 2524 643 2564 T.
663 2525 713 2564 lacrrc
729 2527 810 2579 peritum
825 2537 869 2566 esse

121 2585 209 2631 Graecae
227 2592 247 2630 ct
262 2589 370 2629 Heiaraicac
390 2590 534 2629 consuetudinis
550 2590 652 2643 loquendi,
671 2591 741 2632 factum
760 2593 824 2633 tannen
839 2592 870 2632 esi

187 2741 207 2786 1)
223 2740 300 2777 Belectat
315 2739 382 2780 nuntias
399 2754 459 2780 recens
474 2745 562 2790 acceptus,
583 2742 708 2782 Bernstoinium
725 2748 792 2784 lexicon
808 2738 871 2795 prope

121 2797 165 2833 diem
176 2796 259 2833 editurum
272 2808 316 2833 esse.
