1786 3062
763 141 840 183 63·

39 260 84 298 ante
97 238 243 296 conversionem
252 251 360 295 'sericarum
373 255 455 295 vestium
473 255 582 306 tertorem,
600 253 711 303 Evangelia
724 254 791 293 socio-

39 335 79 362 rum
94 334 131 373 ope
145 322 178 362 illo
194 324 281 375 tempore
295 322 314 360 in
325 316 426 373 Syriacum
439 314 546 361 sermonem
561 321 690 362 transtulisse.
716 319 803 361 Etenim'

41 388 236 442 anteHierosolyma
254 388 317 428 diruta
336 390 424 441 quattuor
439 388 550 438 Evangelia
565 390 638 439 scripta
651 388 722 439 luisse,
742 399 791 428 eon-

39 457 80 495 stat
94 454 149 506 milri,
168 453 233 507 [quana
249 456 362 495 sententiam
384 456 468 506 probare
488 465 526 493 non
544 455 576 492 est
594 454 649 492 innius
668 453 728 508 loci];
745 454 791 494 Au-

8 564 10 567 ,
38 521 122 562 tioebiac
145 523 211 560 ¹antem
233 522 318 574 tempore
341 521 376 561 illo
402 522 493 572 quattuor
515 518 627 570 Evangelia
650 521 686 559 iam
711 522 791 572 cognita

38 588 110 639 fuisse,
133 587 215 628 dubitari
234 590 313 639 potest,
337 588 407 637 negari
423 587 496 638 nequiit
523 585 604 634 Aghaei
621 588 702 625 mortem
722 587 740 624 o.
756 586 791 626 30.
844 628 846 630 ,

38 651 75 691 lul.
89 654 190 702 assignant
204 652 262 704 Syri,
278 666 344 707 annum
359 653 458 700 nesciunt3
474 651 542 692 scribit
555 651 679 691 Bar-Hebr.
694 652 730 691 sub
744 651 791 692 Ab·

41 720 85 768 gari
110 719 149 759 iilia
167 733 245 771 passum
265 714 432 769 essc'righaeum
453 721 493 758 tres
514 730 574 757 annos
593 720 641 770 post
659 717 791 770 Thadoaeum,

39 776 71 837 qui
80 785 192 823 duodecimo
201 784 356 835 praedicationis
361 796 417 834 annno,
431 786 443 824 i.
455 797 473 823 e.
485 785 596 823 duodecimo
605 786 651 834 pest
659 785 791 824 ascensionem
811 814 812 819 ,

40 849 86 902 (45)
102 850 172 893 obierit
183 871 210 896 ,-
228 851 249 889 at
262 860 310 889 vero
325 849 387 889 onmia
399 847 447 898 baec
463 849 486 889 ab
500 848 543 890 aliis
556 846 613 888 aliter
623 851 693 889 tradita
702 853 722 891 et
731 863 791 903 pror-

40 928 74 955 sus
92 917 166 956 ineerta
185 905 236 956 sunt.
249 947 251 951 ,
266 915 320 956 Haeo
340 928 388 956 vero
408 916 432 955 de
447 915 542 967 agriaco,
561 916 714 967 Evangeliormn
728 918 792 957 inter-

39 984 96 1034 prete
116 984 223 1032 sententia,
247 984 263 1022 si
277 995 317 1023 non
334 984 413 1023 onmium
433 981 528 1033 Syrorum
547 984 589 1033 est,
614 984 709 1023 constant'
727 985 790 1035 tamen

39 1048 143 1087 traditione
151 1060 168 1087 va
182 1041 230 1087 viris
244 1050 357 1102 quibusdam
372 1048 493 1100 Apostolieis
504 1049 618 1094 versionem
631 1049 682 1088 iilam
695 1043 803 1101 procura-⁴.

40 1116 77 1153 tam
94 1116 115 1154 et
133 1126 236 1167 supparem
255 1114 327 1155 habent
340 1114 478 1168 Apostolorum
497 1125 559 1166 aevo,
582 1126 638 1167 quam
653 1116 728 1169 quidem
743 1129 791 1157 sen-

39 1182 117 1220 tentiam
129 1182 247 1232 ¹receperunt
259 1181 335 1232 plurimi
348 1182 373 1220 N.
387 1182 413 1220 Τ.
426 1180 503 1230 Syriaci
516 1180 612 1231 editores,
627 1194 705 1232 quorum
719 1184 791 1234 passim

39 1247 109 1286 iudicia
128 1246 225 1286 [iutbirins
240 1247 357 1297 praefationi
371 1247 396 1286 N.
413 1246 437 1286 Τ.
453 1246 546 1285 adnexuit
556 1244 580 1297 ί).
609 1246 668 1287 Cuius
683 1249 712 1287 rei
726 1261 790 1298 argn-

39 1314 122 1352 mentum
139 1313 183 1353 iode
202 1325 276 1366 qnoque
297 1315 392 1365 prompsit
411 1312 526 1363 waltemus,
547 1313 598 1364 qnod
616 1315 635 1352 in
650 1313 686 1353 hac
698 1315 795 1355 versione

39 1380 104 1419 desint
113 1378 247 1431 Apocalypsis
261 1378 347 1431 loannis,
363 1391 394 1432 ep.
406 1380 459 1419 Petri
473 1378 492 1417 ll
506 1380 526 1418 et
535 1377 594 1417 Iudae
608 1379 702 1431 epistola,
718 1382 790 1433 qnippe

39 1457 89 1497 qnae
106 1444 187 1485 nondum
207 1446 271 1485 editae
290 1446 423 1485 autnomlum
444 1445 568 1486 ecelesiarum
589 1458 683 1484 consensu
698 1449 790 1498 receptae
818 1455 820 1459 ’

38 1513 120 1562 inerint,
144 1522 181 1562 quo
200 1512 286 1561 tempore
305 1513 372 1550 versio
390 1511 480 1563 Simplex
499 1509 600 1562 prodierit.
634 1511 708 1550 Etenim
727 1512 791 1564 Syros

39 1570 214 1630 neufreprooasse
229 1577 325 1629 epistolas
340 1577 394 1628 illas,
416 1579 504 1630 quamvis
518 1578 537 1615 in
551 1577 635 1627 vulgata
649 1579 791 1619 versione‘non

38 1645 168 1694 legebantur,
190 1644 307 1697 notissimum
326 1645 364 1682 est.
391 1640 486 1683 Summam
504 1644 564 1693 igitur
578 1644 606 1681 rei
621 1642 670 1683 banc
683 1647 788 1698 teneamus,

40 1723 67 1750 ex
79 1709 172 1761 Syrorum
191 1711 294 1750 traditione
312 1712 421 1750 versionem
435 1709 544 1762 Simplieem
559 1709 613 1749 simul
631 1723 672 1751 cnm
686 1713 790 1763 praediea-

39 1779 91 1817 tione
106 1776 210 1824 Evangelii
225 1778 294 1815 lactam
310 1788 355 1816 esse
369 1777 485 1828 temporibus
500 1775 577 1824 Abgari
591 1777 654 1826 regis.

40 1851 42 1853 “
104 1842 129 1881 ll.
155 1841 176 1881 ld
191 1853 240 1881 vero
253 1843 328 1889 oninime
342 1842 415 1894 placuit
422 1841 649 1894 Romano-Catholicis,
665 1845 790 1897 tantamSy-

40 1909 104 1950 riacae
122 1908 208 1947 versioni
222 1909 354 1960 antiquitatem
368 1908 437 1959 tribui,
457 1921 507 1961 qnae
517 1908 620 1958 ,Vulgatae
637 1910 704 1960 ipsius
717 1912 791 1949 natales

39 1975 147 2026 superaret.
176 1973 239 2027 erare
250 1974 311 2016 ,darbia
325 1974 431 2013 movitiam
439 1974 566 2013 Bellarminus
577 1971 596 2027 ²)
609 1974 658 2028 (torn
671 1975 686 2015 l.
701 1979 788 2016 eontror.

39 2041 63 2080 ne
80 2039 110 2081 V..
124 2040 150 2080 D.
168 2039 182 2078 l.
200 2041 220 2080 2.
240 2053 257 2079 o.
278 2039 320 2093 4.),
331 2041 429 2091 >qnoniam
443 2039 695 2083 huiusversionisnullam
709 2042 791 2082 iecerint

39 2107 153 2146 mentionem
173 2105 263 2146 Clemens
282 2105 437 2153 Alexandrinus,
462 2103 570 2155 erigones,
594 2106 702 2158 Eusebius,
725 2107 791 2148 Atha-

39 2159 116 2225 nasius',
131 2169 301 2222 Tlreophylactns,
314 2169 442 2222 Epiphanius,
457 2168 596 2222 Hieronymus,
611 2164 708 2225 cyrillus,
722 2174 791 2215 Theo-

40 2237 131 2287 doretns,
149 2235 288 2276 Damascenus.
304 2236 346 2276 *At
361 2237 409 2283 vero
425 2236 442 2275 si
456 2238 538 2288 propter
552 2238 647 2277 silentium
663 2241 740 2279 Petrum
754 2242 791 2280 du-

39 2304 97 2345 bitari
111 2304 190 2355 posset,
209 2303 319 2344 versionem
334 2302 444 2356 simplicem
458 2303 477 2342 in
491 2303 539 2355 ipsis
553 2303 667 2345 Antiochiae
683 2309 703 2347 et
715 2306 790 2361 regy-

54 2483 56 2485 .
106 2502 125 2545 1)
143 2500 241 2541 wartonus,
262 2498 366 2545 Pocoelrius,
386 2501 466 2535 Editores
487 2500 561 2546 Operum
576 2499 667 2546 Ephraemi
687 2502 717 2546 (ci.
736 2502 792 2539 Praei.

40 2554 89 2590 Tom.
102 2555 126 2590 lll
137 2554 255 2600 Syriacormn)
267 2554 381 2599 Garpzovms,
393 2556 496 2591 Assemanns
508 2556 536 2600 (B.
549 2555 570 2591 0.
581 2556 630 2591 Torn.
642 2557 658 2592 ll
670 2568 687 2603 p.
698 2558 735 2603 24.)
747 2558 760 2593 1.
771 2559 792 2596 D.

39 2607 130 2645 Michaelis
142 2612 196 2656 primo
209 2611 237 2646 vei
247 2610 321 2644 seeundo
335 2611 404 2647 saeculo
415 2611 511 2647 versionem
523 2612 618 2657 Shaplieem
631 2614 725 2658 assignant.

14 2707 15 2710 ,
56 2688 58 2690 ’
104 2676 126 2720 2)
145 2675 192 2710 Inter
210 2676 314 2710 recentiores
335 2675 380 2711 irlenr
400 2675 517 2711 demonstrare
533 2678 592 2711 euirns
608 2681 634 2710 est
650 2677 685 2711 loa.
707 2663 791 2723 'Baptista

38 2727 106 2769 Branea
117 2730 139 2765 de
150 2739 194 2765 saer.
208 2730 247 2765 libr.
259 2729 323 2764 latinae
333 2729 383 2775 Vulg.
396 2731 475 2766 editionis
486 2731 589 2767 auctoritate
600 2731 671 2767 Medici.
684 2738 737 2775 1781,
749 2744 790 2769 eon-

38 2785 66 2815 tra
78 2793 127 2827 quoru
138 2784 231 2829 disputarit
240 2783 346 2821 Wiseroanus
357 2784 428 2831 Argius,
