1786 3062
18 171 23 174 ,
85 126 125 168 ‘272

89 238 178 282 Christus
197 240 239 290 ipse
257 235 465 287 sermonotllraldaeo
484 238 528 284 siue
542 237 639 280 ,treniaco
657 250 704 279 usus
719 240 761 292 est,
781 238 803 279 ut
817 239 836 279 in

89 308 138 348 libro
152 307 212 359 primo
228 304 407 345 ulernonstrauimus.
435 304 484 343 Post
497 304 576 344 offusum
589 305 682 357 Spiritum
695 305 798 359 Apostoli,
817 304 837 346 οἱ

87 371 122 420 ἄπ’,
140 370 201 425 ἀρχῆς
222 368 318 413 sizonem
337 373 370 411 καὶ
388 367 482 424 ὗπηρέται
502 371 740 428 γενόμενοιμτοῦὶλόγου,
758 373 836 414 tradere
868 382 872 384 ’
892 378 893 384 ’

88 441 195 492 coeperunt
207 441 226 478 in
239 439 310 478 Iudaea
327 441 346 479 et
360 439 448 479 Samaria
462 450 494 477 res
509 450 586 489 onmes,
600 450 648 490 quas
664 432 759 479 cinisium
774 451 835 479 cnse-

88 507 178 559 qneutem
198 508 218 546 et
237 507 336 546 docentem
357 504 447 553 uiderant
462 506 482 544 ct
498 505 618 545 audiuerant.
644 506 715 545 Petrus
730 506 836 546 etrPaulus

38 597 41 598 ν
87 574 107 613 in
130 572 198 624 Actis,
223 574 375 625 quotiescunque
396 571 558 622 praedicationem
580 573 713 624 auspicantur,
736 573 835 611 exordium

88 641 179 691 petentes
193 652 204 678 a
218 639 315 690 baptismo
328 637 405 676 loannis
420 648 453 676 res
467 640 536 688 gestas
547 638 592 678 lesu
603 638 699 678 Nanareni
711 650 836 693 persequun-

77 708 119 745 ftnr
132 707 157 746 ad
171 694 357 745 ascensionam'oius
372 703 476 742 incoctus
505 704 585 744 Omnino
600 705 682 743 dubitari
697 706 774 755 nequit,
791 707 836 757 quin

88 771 215 821 euarrgciicac
234 769 383 825 praedicationis
402 770 456 809 certa
475 769 567 821 quaedam
587 773 607 812 et
622 772 712 810 constans
724 771 785 810 forma
799 784 836 811 usu
857 822 859 827 X
888 764 890 767 ’

87 838 211 891 invaluerit,-
224 830 306 876 ruarime
322 835 377 876 Petri
392 847 431 887 ore
448 836 535 888 prolata,
557 848 607 889 quae
625 839 661 878 tide
678 839 698 877 ct
712 837 836 890 simplicitate

73 918 169 945 ‘summa-
184 905 227 956 ipsa
248 903 362 943 seruatoris
384 903 447 949 uerba
469 904 520 942 intra
543 904 630 955 parietes
656 904 738 955 accepta
763 916 836 944 omnem

27 960 33 965 ’
88 972 108 1010 in
123 970 189 1009 orluem
203 970 297 1009 exseruit.
325 967 388 1023 Quare
403 969 419 1006 si
434 969 505 1019 postea
521 980 569 1021 quae
584 971 637 1021 prius
653 969 752 1014 Ararnaice
766 981 835 1009 narra-

40 1041 41 1044 ’
88 1038 168 1086 inanitur,
191 1035 285 1074 translata
301 1037 346 1072 sunt
365 1035 384 1071 iu
403 1045 508 1071 serrnouem
529 1034 633 1084 Graecum,
650 1034 691 1073 lieri
710 1046 748 1074 non
765 1036 836 1086 potnit,

88 1105 133 1156 quin
148 1101 217 1153 uirique
234 1100 315 1149 originis
331 1099 419 1158 vestigia
432 1098 522 1138 laterent.
551 1099 620 1152 Neque
635 1100 683 1138 enim
697 1103 752 1141 erant
766 1101 836 1141 Graeci

22 1190 26 1192 ·
87 1170 144 1211 lesus
163 1169 184 1208 et
204 1165 296 1217 Apostoli
315 1166 367 1216 cius,
391 1164 426 1203 sed
444 1163 521 1217 Iudaei,
544 1165 640 1217 Hebraei,
664 1165 836 1216 Ararnaeianuu-
878 1192 880 1194 -

89 1249 144 1289 quarn
159 1233 227 1286 puduit
242 1243 277 1271 eos
296 1232 377 1282 originis
395 1233 415 1271 et
431 1231 491 1282 patrii
510 1232 614 1278 sermonis3
635 1243 763 1273 uorrnoumn
778 1235 835 1273 eitin-

20 1351 24 1354 η
73 1303 160 1342 ¹xerunt
178 1298 253 1339 dicendi
270 1309 344 1349 geone,
363 1298 398 1336 scd
418 1310 441 1336 eo
456 1298 568 1348 utebantur,
588 1297 639 1349 quod
652 1309 664 1336 a
677 1300 764 1350 patribus
776 1311 834 1340 acoe-

53 1371 58 1375 ⁴
88 1369 168 1422 perant,
189 1364 241 1418 quod
259 1375 286 1402 ex
304 1363 359 1401 libris
378 1362 491 1414 Iudaeorum
511 1364 572 1404 sacris
592 1363 708 1411 didicerant3
732 1366 836 1407 contemtui

70 1436 143 1485 [erant
155 1430 266 1471 Plrarisaeis
275 1428 331 1468 lesus
347 1430 367 1468 et
380 1428 472 1479 Apostoli
482 1429 569 1469 Galilaea
584 1429 666 1468 obscura
679 1432 699 1469 et
712 1442 771 1471 rauca
784 1444 835 1472 voce

87 1500 202 1552 loquentes,
221 1495 292 1536 derisui
304 1496 346 1535 erat
360 1494 432 1534 Stoicis
446 1495 465 1533 ot
482 1494 596 1545 Epicnraeis
610 1495 682 1534 Paulus
695 1489 836 1549 onsopoidyoe,

87 1566 156 1618 utpote
175 1563 207 1616 qui
220 1558 336 1602 Graecorum
357 1560 439 1599 subtiles
456 1561 580 1612 quaestiones
595 1562 616 1601 et
630 1564 734 1603 orationem
750 1565 836 1603 ornatis-

88 1634 153 1673 simam
171 1642 195 1669 ne
213 1622 271 1669 sensu
288 1628 363 1679 quidem
378 1627 529 1678 perstringeret.
556 1626 614 1666 Vitae
628 1628 708 1669 delicias
722 1630 739 1668 si
753 1640 836 1684 quaeras

89 1702 110 1740 et
127 1697 235 1750 superbiam
250 1696 315 1745 uitae,
336 1694 367 1733 adi
382 1694 499 1733 Graecorum
513 1694 597 1744 templa,
615 1695 681 1747 lucos,
701 1697 767 1748 stoas,
787 1708 836 1747 spe-

86 1764 174 1811 'ctacula3
195 1759 206 1803 ὅ
225 1758 286 1814 ἀστήρ
301 1758 313 1802 ὅ
327 1761 414 1812 πρωϊινός
428 1771 465 1798 nou
478 1759 548 1799 eilnlsit
562 1761 580 1798 in
594 1760 760 1801 Helladiscoclo.
788 1762 836 1811 Omf

88 1833 132 1870 irino
152 1841 189 1868 non
208 1830 276 1880 potest
295 1839 340 1866 csse
356 1837 396 1870 uon
415 1826 505 1864 diuersus
524 1837 588 1874 eorum
607 1837 669 1866 sermo
690 1828 709 1865 et
727 1839 791 1877 genus
806 1828 837 1867 di-

89 1897 154 1948 cendi,
175 1906 255 1948 quorum
275 1893 354 1943 ingenia
372 1902 452 1943 prorsus
472 1891 551 1930 diversa
570 1893 621 1931 suut.
648 1890 732 1944 Spiritus
753 1892 838 1933 Sanctus

89 1963 151 2002 omnia
168 1961 243 2013 quidem
261 1959 342 2011 adaptat
359 1957 396 1995 sibi
414 1957 435 1995 et
448 1969 483 1996 sua
496 1958 554 2008 facit,
574 1957 682 2007 linguarum
697 1970 790 2000 novarum
804 1959 837 1997 fa-

89 2030 178 2070 cultatem
195 2026 291 2080 porrigit,
314 2023 399 2063 onuribus
417 2035 463 2063 sese
482 2024 594 2080 accomodat
607 2045 635 2054 -
649 2026 684 2065 sed
698 2026 767 2065 seruat
781 2024 854 2082 cologja

88 2108 128 2135 rcnr
146 2095 242 2146 Spiritus,
263 2104 301 2131 non
319 2091 388 2131 amittit
402 2090 506 2142 'pristinum
526 2103 627 2142 saporem,
646 2093 727 2133 suinon
741 2093 838 2130 immemor

89 2163 124 2208 est
135 2173 171 2200 uec
189 2161 283 2210 originum
301 2169 388 2207 suarum,
406 2157 495 2208 proprias
508 2155 567 2195 lrabet
579 2169 656 2197 normas
671 2159 697 2207 et'
707 2169 760 2197 sunni
774 2161 838 2208 genus

88 2226 184 2280 loqncrnli.
216 2226 258 2281 Qua
280 2224 304 2264 dc
320 2225 419 2263 'rerecte
438 2222 529 2263 Glasslus
548 2217 608 2276 [Phil.
626 2224 648 2265 S.
667 2224 681 2263 l.
702 2224 718 2264 l.
733 2226 789 2263 tract.
803 2223 838 2264 IV.

88 2295 139 2334 sect.
153 2292 179 2333 ΙΙ.
193 2303 236 2331 can.
249 2289 296 2343 Ill:
312 2289 490 2343 „Quemadmodum
507 2283 562 2342 qnod
573 2289 597 2329 ad
610 2301 643 2329 ros
657 2291 709 2342 ipsas
725 2290 787 2330 sancti
801 2290 839 2329 Dei

48 2352 50 2356 ⁸
89 2360 128 2400 viri
147 2359 173 2398 N.
195 2358 219 2397 Τ.
239 2359 325 2408 ternpore
345 2355 390 2394 nihil
409 2358 466 2395 extra
484 2355 626 2396 dixerunt-vel
646 2357 765 2407 scripserunt
782 2367 839 2408 quarn

89 2409 114 2467 ea
128 2436 178 2478 quae
192 2422 304 2475 Prophetae
319 2420 379 2458 locuti
393 2422 438 2458 snrrt
451 2421 515 2459 futrua
529 2433 573 2460 esse
588 2423 608 2460 ot
621 2420 701 2472 nroses,
717 2409 855 2473 quorl'colliss

90 2493 149 2542 gitur,
159 2503 186 2531 ex
198 2490 244 2531 Act.
259 2485 338 2537 XXVI,
355 2485 402 2535 Ἀ,
421 2484 437 2524 l.
451 2485 504 2526 Petr.
516 2485 535 2535 I,
551 2485 647 2525 10-12.
663 2487 719 2538 idque
734 2487 758 2525 ad
772 2490 839 2528 conoi-

89 2559 171 2597 liandam
189 2556 214 2595 N.
233 2554 258 2594 T.
277 2551 410 2592 auctoritatem
429 2551 449 2588 et
466 2549 490 2588 ad
505 2549 669 2592 derrronstrandam
682 2554 783 2605 utriusque
795 2554 839 2594 Tc-

89 2622 179 2663 stamcnli
198 2621 312 2672 συμφωνίαν
332 2619 352 2657 et
368 2616 530 2656 convenientiam:
548 2618 577 2657 sic
593 2619 649 2657 etiam
663 2620 682 2659 in
696 2619 744 2671 styli
758 2622 778 2661 et
793 2633 839 2660 ser-

88 2690 151 2729 monis
170 2687 264 2739 qualitate
282 2684 306 2723 ad
325 2683 440 2722 Hebraicum
460 2681 485 2720 V.
505 2681 530 2719 Τ.
549 2694 654 2725 sermonem
672 2697 694 2725 se
714 2687 839 2727 accoruodaro

88 2755 193 2796 voluerunt
202 2753 286 2807 propter
301 2749 380 2791 eandem
393 2746 509 2789 rationern.“
536 2749 563 2791 Et
574 2750 672 2794 Fabricius
685 2753 703 2792 in
717 2753 838 2807 praefatione

794 2819 839 2869 Gy-
