1786 3062
106 141 269 209 4*'

109 268 184 321 trisque
192 258 265 306 'nounuen
279 276 398 317 magnopere
410 269 560 319 promoverunt,
579 278 630 318 geos
639 266 700 306 altera
710 264 858 320 eaque'oogna-
891 281 893 323 j

109 337 132 375 ta
149 346 194 374 sese
212 334 267 386 quasi
287 333 393 371 inseruisse
415 331 493 374 videtur
511 331 658 374 Arumaeonum.
670 332 726 383 stirpi
745 344 768 371 ae
788 333 859 380 terrae,
892 332 893 345 ³

109 400 136 441 ita
150 399 203 441 utro
219 410 274 438 uuum
289 411 330 438 eum
344 398 382 438 iliis
398 396 488 449 populum
499 391 611 452 coaluerint
638 398 801 449 iauumouuium's,
817 389 859 435 La·

109 466 177 505 bauem
193 465 263 506 dietum
272 476 317 504 esse
327 463 454 516 utranmaenm7
467 476 530 517 neque
540 467 614 504 omuino
624 466 705 505 dubitari
715 466 794 516 potest,
814 464 859 515 quio

110 533 191 583 eognati
208 528 229 573 et
248 532 324 585 posteri
344 532 386 570 eius
402 544 443 571 oum
462 529 565 571 Aramaeis'
584 543 629 571 sese
648 532 775 571 confuderint.
804 528 859 583 Quod

92 599 94 601 ’
109 590 203 651 probatur
221 610 248 636 ex
266 598 371 636 nominihus
389 597 500 636 filiorum
521 587 656 646 Nomionis,
675 598 707 648 qni
727 596 775 635 Gen.
793 593 859 644 XXII,

114 663 149 705 nl.
164 663 190 706 nb
204 665 336 716 recensentur.
370 663 445 702 Etenim
459 675 514 716 quirum
530 662 638 703 Abraamus
658 662 695 701 iter·
707 662 859 714 prosequeretur

110 733 213 772 interram
228 742 290 782 usque
306 728 438 779 (demoniacum,
462 729 556 769 Naoboris
570 730 641 768 iauuuiiia
653 729 726 768 medios
740 729 790 767 iuter
805 718 859 766 Aua-

110 808 177 836 maeos
193 796 305 847 propagata
321 797 358 834 est.
383 795 468 834 Nomina
483 796 543 845 igitur
558 795 602 834 tiliis
616 795 675 834 indita
690 794 740 846 apud
752 793 860 832 Aromaeos

55 896 75 911 s.
111 864 183 903 usitata
190 875 196 909 3
214 862 253 914 ipsi
269 873 291 899 se
305 860 413 901 Ar'aruaeos
428 861 465 900 diei
479 863 602 917 passisunt5
621 863 678 912 atque
687 860 767 899 liemuei
782 856 868 908 eogno-¹

111 931 192 968 miuatur
205 925 262 979 pater
275 926 342 966 Aranni
357 927 466 978 cuiusdam,
487 929 520 979 qui
534 927 577 966 huie
591 929 661 965 nomini
675 926 806 966 celebritatem
822 924 859 964 uii-

112 1006 168 1047 quam
187 1004 269 1045 parasse
289 992 427 1032 existimandus
447 995 484 1031 esi.
511 993 573 1033 Porro
589 993 699 1032 inierfilios
713 990 808 1030 Naeboris
824 1002 860 1030 oe-

111 1061 171 1110 eurrit
185 1068 245 1118 ³:337?-
263 1056 296 1112 (v.
309 1056 358 1111 24),
377 1071 388 1097 a
405 1070 536 1110 quoregnum
556 1068 611 1099 ‚⁵1:972
628 1068 668 1100 nnn
688 1069 755 1097 nomeu
771 1057 860 1108 adeptum

112 1129 154 1167 estu
182 1125 250 1176 Sarug
268 1125 361 1177 denique,
384 1124 460 1165 nivalia
476 1138 526 1177 quae
545 1127 605 1166 miuus
621 1128 674 1167 eerta
692 1126 746 1175 sonunt,
770 1125 860 1174 oruittam,

111 1193 154 1233 urbi
168 1187 193 1232 et
201 1192 279 1241 regioni
293 1191 448 1242 Mesopotamiae
462 1203 529 1230 nouueu
545 1191 598 1231 dedit
612 1194 661 1231 iuter
674 1192 738 1242 Syros
753 1191 861 1230 celeberri-

110 1271 167 1299 mum.
194 1257 280 1297 ¹Ounuino
299 1259 350 1297 iuter
367 1250 457 1297 Aramum
478 1258 498 1296 et
515 1258 674 1310 Arpaobsadem,
697 1272 708 1305 a
727 1270 765 1309 quo
783 1257 859 1297 Naebor

111 1329 132 1367 et
152 1325 249 1365 Abeamus
269 1324 342 1363 oriundi
360 1325 426 1376 orae,
444 1325 566 1377 cognationis
581 1328 601 1365 et
614 1326 720 1366 uicinitatis
737 1325 861 1364 arctissimum

111 1392 207 1433 vinonium
226 1390 348 1430 statuendum
363 1385 400 1429 est.
429 1389 492 1442 Quare
508 1389 601 1448 Oiuaidaei
617 1402 705 1443 quoque,
721 1391 765 1429 sive
781 1390 861 1430 auur-

112 1456 200 1510 paebsad
214 1457 257 1496 siue
273 1457 297 1496 ad
312 1455 378 1496 desen
388 1454 419 1508 ¹),
439 1456 497 1495 iiiimn
512 1456 607 1498 Naoboris
623 1470 687 1497 eorunm
700 1457 793 1507 originem
806 1458 861 1496 ueie-

112 1537 156 1574 ras,
181 1535 223 1563 oum
236 1523 338 1562 Ananiaeis
354 1523 442 1573 proxime
459 1524 587 1572 coniungendi
602 1526 647 1563 suut
666 1523 683 1576 J.
710 1522 740 1562 Ita
759 1534 807 1561 uero
825 1524 861 1563 iam

113 1603 125 1630 a
137 1589 237 1642 principio
256 1588 327 1627 iactum
345 1588 386 1639 est,
406 1590 428 1627 ut
442 1587 579 1627 Arauuaeorum
593 1590 644 1629 natio
660 1602 716 1642 quium
728 1590 783 1627 nouis
795 1590 862 1639 brinta,

114 1656 176 1707 longe
189 1655 267 1707 iateque
282 1653 361 1705 diffusa,
382 1655 481 1705 variisque
498 1654 585 1706 dispersa
598 1656 652 1695 esset
667 1654 791 1706 regionibns,
810 1656 861 1694 nuilo
886 1687 888 1689 .

113 1713 193 1771 unitatis
219 1720 296 1771 uiuouio
317 1719 444 1770 colligaretur·
464 1732 526 1772 neque
546 1709 679 1772 coercemini,
707 1732 765 1772 opinare
787 1723 862 1761 etiamsi

112 1800 191 1827 uunoero
208 1784 348 1840 oenomaum,
360 1797 416 1838 ¹quas
434 1789 591 1839 occupaverant,
609 1788 753 1840 opportunitate
765 1790 812 1828 satis
824 1802 862 1828 va-

112 1853 185 1906 lerent,
207 1864 301 1905 uunquam
316 1854 379 1892 tannen
392 1851 491 1891 dominium
505 1853 524 1891 iu
538 1852 587 1893 Asia
601 1858 736 1893 exercuerunt.

131 1945 132 1949 =
178 1918 276 1972 Tempore
296 1918 388 1958 Abrahae
408 1919 445 1958 vix
463 1920 499 1958 iam
517 1921 633 1960 oonst'tntne
649 1921 704 1960 erant
721 1918 862 1960 Arauuueo‘-

112 1999 160 2027 rum
174 1986 312 2034 eivitates3
328 1985 410 2024 Davidis
423 1986 485 2025 autem
497 1987 561 2026 aetate
572 1986 677 2026 florinorunt
686 1985 735 2026 haee
744 1988 780 2026 tria
789 1999 862 2038 regua:

112 2076 245 2084 w„—

179 2129 197 2172 1)
210 2126 229 2162 In
240 2127 284 2162 libro
296 2127 376 2162 iuebasin
386 2128 429 2164 baeu
438 2130 542 2175 gerreaiogia
551 2130 633 2163 traditum
646 2129 728 2172 „Pninms
737 2118 796 2173 Eian
809 2139 861 2176 aquo

113 2183 201 2232 deseendit
217 2192 260 2227 quae
275 2182 326 2218 hodie
342 2188 414 2219 rooatnr
430 2184 495 2221 Persis.
518 2185 605 2220 Seouudus
617 2184 680 2228 Assur,
696 2195 751 2232 aqum
764 2194 807 2231 quine
819 2196 863 2221 nume

113 2241 186 2273 vooatur
202 2235 266 2281 Mozal.
293 2238 362 2273 Tertius
380 2241 482 2285 Arphuuad,
499 2252 509 2276 a
525 2236 559 2286 ouo
576 2243 605 2286 qui
622 2251 666 2274 nuno
681 2239 762 2275 Giunidaei
774 2245 862 2276 uocantur,

114 2293 186 2332 Quintus
203 2291 276 2338 denique
286 2291 347 2335 nram,
364 2304 374 2328 a
387 2306 419 2339 quo
431 2295 520 2338 simonidei,
537 2299 565 2341 qni
579 2292 643 2330 Gruee'o
656 2295 694 2339 Syri
706 2301 794 2331 nouantur.
816 2297 862 2332 Unde

114 2341 176 2393 Syriae
187 2356 254 2382 nornen.
277 2346 298 2382 Hi
310 2347 422 2383 eondiderunt
434 2349 572 2386 Troehouitidem
584 2355 601 2385 ot
612 2350 712 2384 Dauniuseum
724 2351 819 2386 babuerunt
830 2363 862 2396 pro

113 2397 164 2447 regui
179 2405 288 2448 metropoli!t
311 2402 395 2439 Eusebius
410 2406 428 2439 in
440 2405 524 2441 Gluouieo
535 2407 602 2441 brunon.
615 2417 630 2450 p.
647 2410 684 2441 110.
700 2405 739 2447 „Et
751 2407 772 2440 ab
782 2406 863 2451 Aupaxad

65 2472 66 2476 =
114 2457 231 2502 deponamur,
253 2459 282 2502 qui
297 2459 348 2493 eiiam
364 2458 445 2495 Giuuidaei
461 2462 572 2496 uoeabaunu.
595 2461 620 2496 nh
633 2460 695 2495 Aramo
710 2464 765 2495 autom
776 2461 862 2505 dionaei,

115 2513 144 2557 qui
155 2512 194 2558 Syri
206 2523 273 2559 quoqne
285 2513 435 2557 appellabuntnu.“
614 2511 615 2514 ’

180 2579 201 2618 2)
216 2577 239 2612 in·
251 2576 347 2613 eusimio
359 2577 485 2624 Mesopotamia
494 2571 608 2626 quaerendum
621 2591 668 2623 osse,
686 2583 734 2625 potet
746 2590 767 2614 er
778 2582 815 2616 not.
825 2581 861 2624 vir,

113 2637 135 2674 23
147 2642 203 2678 nequo
212 2632 291 2676 displioet
299 2631 380 2668 Boobarti
392 2637 486 2677 sententio,
497 2636 557 2679 natale
567 2636 621 2670 solnm
632 2635 712 2670 Abrabae
724 2638 815 2670 conuenire
827 2647 863 2671 oum

113 2687 189 2723 eiusdem
201 2689 273 2722 nominis
286 2688 324 2723 loeo
337 2699 386 2735 quem
394 2689 491 2726 Ammianus
504 2692 549 2725 iuter·
560 2689 633 2726 Nisibin]
646 2695 663 2725 et
674 2691 740 2736 Tigrim
752 2701 816 2725 amorem
828 2703 861 2726 ma-

112 2746 174 2777 morat.
185 2751 207 2766 -·-
228 2742 275 2776 luter
286 2743 375 2778 Armenios
387 2755 454 2791 quoque
466 2745 589 2781 numentinum
601 2746 657 2782 multis
669 2747 711 2782 uiris
723 2743 810 2780 oommuue
820 2746 861 2788 iuit3

112 2798 133 2832 ei.
146 2796 229 2834 Tabulam
241 2798 335 2843 prinoipuu
346 2807 374 2843 up.
386 2797 448 2835 Mosen
458 2799 509 2835 (ibor.
544 2816 550 2825 ⁸
