1786 3062
67 161 69 164 ·
117 139 157 182 302

119 249 346 293 Pronururnozclrr=rst11s
356 252 434 304 quinon
443 252 525 291 intumus
535 253 566 292 est
575 252 670 303 inuolais,
683 252 719 291 sed
728 254 798 303 poiens
809 253 869 293 estin

118 319 182 360 vonis.
196 316 251 357 Rom.
260 312 296 367 lx,
307 315 340 356 22.
348 316 403 357 locus
414 318 445 356 est
453 317 598 369 vexatissimus,
608 318 662 358 cuius
671 319 768 359 structura
778 318 866 359 ditionis.

118 386 144 426 Ei
153 387 174 426 δὲ
183 380 268 425 etism
257 399 267 423 o
277 378 324 429 θεὸς
333 377 488 429 &voratorem
467 399 501 432 era
503 377 592 488 pippino..
597 381 673 436 propre
675 383 714 425 νέν
722 388 783 441 πολλῇ
791 400 866 438 μακρο-

118 453 187 506 θιμίιι
195 446 363 503 caeteteris..
358 443 441 500 Syrus
457 450 518 489 uertit
523 449 572 489 :Si
588 461 638 491 uero
653 450 716 491 voluit
730 451 784 491 Deus
797 454 866 493 osten-

118 519 188 559 dere'
183 529 229 557 tram
243 528 307 568 suano,
327 517 354 556 int
347 516 390 556 tulit
404 528 439 568 pro
453 527 522 566 magna
537 516 684 594 longanimitate
697 529 732 556 sua
747 518 793 557 iram
806 530 877 571 super

118 598 167 626 vasa
181 585 233 635 irae,
252 584 308 636 quasi
322 583 442 633 legisset
425 599 457 624 o.u
467 580 600 633 ..earnes
593 580 700 634 p'rrpuem
710 578 865 637 ¹‹ipydvoieetc

117 651 210 702 Romul
226 648 259 689 20
276 651 346 689 vetut
367 649 431 702 Opera
446 650 484 689 Dei
498 661 509 688 a
524 645 555 701 (i)
570 650 664 688 creamus
680 652 742 696 mente
757 652 866 692 cernuntur

118 720 133 759 i.
147 719 198 758 'lim
212 716 242 767 ll,
259 716 302 756 l5.·
322 716 434 765 condiceret
451 711 482 756 cirri
500 716 631 767 τεκνογονίας,
652 711 686 755 ἐὰν
702 718 803 768 μείνωσιν,
807 714 866 769 [uhi

118 788 150 826 est
162 784 252 832 enallage
266 783 350 833 numeri,
366 794 407 821 nam
421 784 512 833 patrumm
525 781 549 820 ad
564 781 644 820 sentinas
657 783 777 821 referendum
787 782 828 837 est]
839 803 866 811 —

118 851 181 903 Syrus
194 848 272 895 scribit:
285 846 346 887 Vivet
358 859 394 898 per
403 847 486 897 lilreros,
500 847 517 886 si
526 848 637 888 manserint.
664 848 703 888 lam
713 849 781 901 rides,
795 851 865 890 aucto-

117 931 157 958 rom
177 915 227 969 quod
247 903 317 967 capere
331 926 368 953 non
382 915 459 965 potest,
479 915 503 953 ad
519 914 616 953 arbitrium
632 926 738 966 exponere.
765 916 801 956 list
814 928 865 955 non-

117 996 212 1036 nunquam
231 983 288 1020 etiam
307 982 422 1033 μικρολογία
441 981 483 1019 eius
504 980 619 1031 conspicua,
646 992 695 1032 quae
713 981 864 1022 taediof'aiiicit.

117 1050 186 1091 liatth.
195 1045 279 1099 XXVII,
288 1043 323 1100 [1¹0.
331 1045 446 1098 ἐλατόμησεν
456 1074 461 1085 ι
471 1074 475 1084 .
487 1046 644 1097 congaudebam.
655 1077 659 1085 .
669 1077 674 1087 .
684 1041 778 1097 ἀπῆλθεν,
806 1047 865 1088 lose-

116 1118 173 1169 plrnm
187 1117 248 1167 ipsum
261 1114 351 1153 effodisse
366 1111 475 1163 sepulerum
492 1113 512 1150 et
526 1112 609 1162 lapidem
624 1107 750 1164 advolvisse‚
766 1115 805 1154 <uix
818 1127 864 1156 cre-

117 1183 181 1224 dibile.
209 1180 273 1235 Quare
286 1179 350 1230 Syrus
364 1178 442 1217 scribit:
458 1178 509 1228 quod
524 1177 614 1216 effossum
628 1184 682 1227 erat3
697 1180 776 1219 deinde:
791 1180 864 1221 aduol-

89 1296 90 1299 ,
116 1249 194 1289 verum.
223 1244 344 1297 [Notandum
363 1247 437 1293 tamen,
456 1244 507 1293 quod
520 1245 582 1282 Persa
598 1244 658 1282 hahet
679 1246 802 1296 singularem.
831 1247 863 1286 Cf.

116 1314 216 1355 variantes
234 1322 310 1364 qumque
328 1322 382 1349 vers.
397 1307 476 1348 Hercei.
491 1321 530 1361 ap.
544 1308 654 1362 Alienum).
680 1310 750 1350 liiatth.
765 1308 827 1364 XXI,
844 1306 889 1352 7!

54 1366 56 1368 μ
116 1378 188 1433 ἠ’μιιμον
207 1372 241 1419 cdv
259 1372 305 1431 ἶν’νον
324 1378 357 1416 ναὶ
376 1369 409 1416 ιον
427 1377 491 1414 πῶλον
507 1378 540 1415 καὶ
558 1375 657 1425 ἐπέθηκαν
675 1376 739 1429 iccirco
757 1376 820 1418 oro'eedr
839 1375 864 1420 ui

114 1445 183 1498 ἶμάτιιν
200 1439 263 1483 νῧιιῦν
281 1443 314 1483 καὶ
331 1440 448 1482 ἐπεκάθισεν
467 1440 532 1481 ἐπάνω
551 1439 620 1481 aderio.
637 1443 692 1482 'Hoc
709 1442 753 1482 loco
768 1445 785 1482 si
800 1442 864 1486 πιννῶν

115 1511 213 1553 referatur
226 1508 250 1548 ad
265 1505 311 1549 ὄιον
325 1509 358 1547 aad
366 1510 448 1555 πῶλον,
463 1506 548 1546 homines
559 1508 639 1547 enumoti
648 1510 699 1550 naris
709 1511 776 1550 nostro
786 1522 862 1563 quoque

116 1581 203 1631 tempore
221 1577 344 1626 monuerunt,
367 1586 404 1613 non
422 1576 511 1626 potuisse
523 1574 587 1614 lentum
601 1587 660 1627 super
672 1576 742 1617 asinam
758 1577 778 1616 et
792 1576 863 1628 pullum

114 1645 203 1685 insidere.
235 1642 299 1697 Quare
317 1642 372 1693 suunt,
396 1641 428 1694 qui
444 1638 508 1682 adacio
526 1641 614 1682 curiliani
628 1642 662 1682 vel
673 1642 743 1693 legant
756 1640 815 1684 edroi
828 1643 876 1684 vet.

115 1714 138 1752 ad
154 1710 222 1762 iporiam
239 1705 331 1746 referant.
359 1707 423 1757 Syrus
437 1709 457 1746 et
471 1708 513 1758 ipse
527 1706 675 1755 livangciistam
689 1719 774 1758 purgare
789 1709 863 1750 studet.

114 1778 188 1820 Scribit
180 1774 278 1825 ligitur:
300 1775 406 1825 posuerunt
425 1772 540 1813 vestimenta
557 1761 615 1823 super
631 1771 738 1824 puliumet
750 1775 821 1816 insedit
834 1776 863 1816 illi

114 1841 220 1896 lesus[cf.
206 1840 326 1880 flectiones
340 1839 457 1888 marginales
471 1849 525 1877 vers.
539 1838 618 1877 Heracl.
633 1850 665 1889 ap.
677 1837 780 1908 Adlerum]
791 1839 816 1895 ¹]

178 1929 215 1969 Put
208 1928 249 1967 tani
262 1925 336 1976 turigo
352 1925 466 1964 niediocrem
482 1924 561 1974 linguae
576 1923 663 1965 Graecae
678 1925 802 1966 eruditionem
817 1928 862 1967 suf-

113 1996 172 2037 iieere
191 1992 253 2033 adN.
267 1991 293 2030 ’.Γ
309 1992 477 2042 int·.erpretandum
505 1989 528 2029 ld
542 1991 574 2041 qui
589 1991 664 2041 dieunt,
646 1992 792 2044 texplicent,
812 2006 862 2046 quo-

112 2063 169 2101 modo
186 2060 265 2100 factum
275 2057 312 2108 sit,
332 2059 354 2096 ut
369 2058 405 2096 viri
419 2057 499 2107 linguae
516 2055 604 2096 Graecae
617 2058 728 2108 peritissimi
742 2059 761 2097 in
774 2058 862 2101 lilarisN.

112 2128 137 2168 Τ.
152 2125 301 2178 interpretandis
314 2122 364 2162 iraud
374 2136 454 2175 paruam
464 2135 541 2174 operam
551 2113 657 2173 posuerint.
685 2123 791 2168 Suntenim
801 2127 862 2165 omnia

112 2195 131 2233 in
150 2181 272 2232 erntns'tan
292 2189 393 2245 distincte,
412 2190 450 2229 tam
465 2188 581 2238 diligenter,
599 2189 637 2227 tam
652 2190 722 2229 exacte
737 2189 798 2242 dicta,
817 2193 867 2232 sunt

112 2245 250 2299 uocabulorum
265 2256 364 2307 notiones,
382 2255 518 2309 sententiarum
533 2256 644 2294 consecutio
660 2256 681 2295 et
695 2257 803 2308 structura,
817 2260 862 2298 sunt

112 2326 194 2377 dariique
209 2325 230 2364 et
242 2323 325 2362 artaxima
338 2323 358 2362 et
372 2322 447 2360 urrinima
462 2322 515 2361 tanta
530 2333 575 2361 cura
589 2320 712 2361 observanda
726 2322 746 2361 et
759 2325 860 2365 exurente

110 2434 242 2444 —-—-

178 2509 197 2554 1)
209 2508 272 2545 Mirum
289 2511 323 2549 est,
341 2507 386 2552 quod
399 2517 518 2552 nommnquum
530 2517 577 2540 usum
589 2505 670 2550 loquendi
681 2508 723 2542 saus
734 2509 821 2554 uulgarem
832 2511 860 2546 uel

111 2575 155 2611 quac
170 2567 237 2609 poetice
254 2564 299 2598 dicia
315 2565 355 2597 suut
373 2562 428 2595 critici
442 2563 545 2605 vituperant.
572 2560 635 2595 Scribit
651 2560 744 2605 Homerus,
761 2563 859 2600 Diomedem

111 2630 185 2664 corporo
197 2620 260 2654 ,diviua
277 2618 387 2659 vulnerasse,
408 2626 457 2661 qurum
472 2615 556 2652 Venerem
571 2615 625 2650 solum
641 2616 716 2667 laeserit.
738 2618 859 2665 Docetregcm

110 2686 146 2710 non
157 2685 191 2709 uno
202 2673 242 2708 uehi
254 2682 297 2717 equo
312 2672 342 2706 sed
354 2671 436 2715 plurilus.
459 2670 494 2705 Rex
504 2675 563 2705 noster
574 2672 721 2716 clementissimus,
739 2684 789 2719 quum
800 2676 859 2709 urlront

102 2740 158 2766 ,suam
175 2727 305 2775 ingrederetur,
321 2725 380 2760 hostes
396 2735 453 2762 omnes
465 2726 483 2760 in
494 2729 581 2760 aeternum
592 2725 688 2762 devicturus
699 2731 717 2762 et
728 2737 799 2774 regnum
811 2739 859 2765 suum

110 2787 184 2822 eoeleste
197 2786 319 2828 occupaturus,
335 2781 376 2826 higa
387 2782 422 2815 istu
435 2789 475 2815 usus
487 2783 513 2815 est
524 2781 583 2816 asinae
592 2782 662 2829 eiusque
673 2781 721 2827 pulli.
761 2792 763 2795 ’
