1786 3062
757 167 785 207 57

37 291 132 320 nranornm
148 277 217 318 bostis.
244 279 291 318 lium
309 279 380 318 Lucius
398 279 461 320 Verus
480 293 497 320 a.
515 279 554 322 165
570 282 588 320 iu
603 280 684 322 cilicium
698 279 787 329 redege-

37 349 78 397 rat,
95 358 150 398 qurun
165 346 224 385 duces
238 347 279 384 cius
292 346 353 385 Prisc.
365 345 425 386 Avia.
440 347 521 388 Cassius
536 350 556 387 et
570 348 656 388 Martius
669 337 788 388 116000,Βο-

37 412 140 465 bylcncro,
161 411 270 452 Armeniam
290 413 310 451 et
326 412 410 454 Mediam
425 414 552 455 vindicarent.
579 409 682 454 Romanam
698 409 788 461 ditionem

39 482 148 530 ingressum
168 479 236 518 iterum
255 477 375 530 Vologesem
394 481 420 531 (a.
436 477 494 533 191.)
509 480 598 521 Severus
611 484 706 533 coercuit,
725 472 788 532 captis

40 546 103 586 multis
118 545 195 585 urbibus
211 545 261 584 inter
276 557 323 598 quas
336 547 415 587 Nisibis.
443 547 518 587 Deinde
533 547 556 585 ab
567 546 681 586 Artaxerxe
690 548 794 587 Persicunr‘

40 613 138 664 imperium
157 615 285 653 restauratum
300 616 342 665 001,
363 612 699 667 006180000011000000060011).
726 612 790 653 Arta-

41 680 110 718 xerxis
132 691 234 719 successor
257 670 457 733 ὃο00060,’10100011
480 680 571 719 Romanis
594 681 684 730 norninis,
709 680 790 730 Nisibin,

43 745 126 804 Carrhas
139 747 238 798 ipsamque
252 746 372 787 Antiochiam
385 748 437 798 cepit
451 745 547 798 diruitque
558 748 578 785 01
591 747 667 786 biennio
680 743 792 799 0001006-

42 824 105 853 sarem
118 813 180 863 ipsum
193 813 314 851 Valerianum
329 814 427 862 captiuum
440 812 528 850 abdurii.
555 813 608 851 Urbe
621 809 683 852 llorrra
694 812 747 851 bello
761 810 792 851 ci-

42 879 77 917 vili
93 880 132 916 ium
147 878 243 927 lacerata,
263 876 363 917 Odenatus
378 877 535 927 Palmyrenorum
549 889 587 915 rex
600 879 694 930 Saporem
709 880 727 917 in
740 866 795 917 Per-4

12 930 14 934 l
44 943 104 983 sidem
120 942 183 981 redire
198 943 272 992 coegit.
300 942 340 983 Sed
361 955 413 982 nona
426 943 478 982 bella
497 945 588 995 parantes
602 943 675 982 Persas
691 945 711 983 et
725 944 793 983 iterum

44 1011 149 1060 iterumque
167 1010 294 1060 irrumpentes
311 1008 432 1048 debellarunt
443 1010 525 1060 postea,
545 1020 601 1060 quum
614 1009 689 1048 Narses
703 1009 741 1048 illis
755 1009 793 1058 inr-

44 1075 134 1127 0006001,
154 1072 250 1115 Garus'et
263 1074 389 1116 Numerianus
401 1073 430 1128 [a.
446 1072 515 1128 281),
536 1077 594 1126 60010
608 1075 699 1116 Seleucia
714 1076 794 1124 61010-

45 1127 358 1193 010100100100611160000100010
374 1144 416 1182 tota
431 1141 535 1180 exturbata
540 1154 546 1186 3
565 1141 621 1179 iidem
635 1142 655 1180 10
667 1139 795 1194 Christianos,

46 1208 102 1247 Decii
119 1208 155 1246 iarn
174 1207 292 1258 temporibus
311 1209 367 1247 etiam
384 1208 423 1246 illis
440 1209 459 1245 iu
479 1207 592 1255 regionibus
612 1209 707 1259 vexatos,
732 1206 795 1249 acrem
819 1242 829 1253 ,,
859 1255 862 1264 χ

46 1274 201 1327 persecutionem
227 1274 387 1314 600060160001
408 1275 458 1313 Post
482 1272 527 1313 Cari
551 1273 621 1312 obitum
640 1274 715 1314 Persae
740 1287 796 1327 quum

47 1341 207 1392 Mesopotamiam
230 1341 389 1392 recuperassent,
414 1352 425 1378 a
444 1340 565 1379 Diocletiano
587 1338 651 1394 [284]
676 1341 697 1381 01
718 1339 796 1381 Galerio

48 1405 110 1460 [297]
129 1407 202 1446 1001011
218 1409 262 1446 suni
281 1409 301 1445 et
313 1407 455 1457 Mesopotamia
474 1418 511 1458 per
528 1406 659 1457 qnadraginta
677 1418 736 1444 annos
753 1395 797 1446 Ro-

50 1474 109 1512 manis
133 1461 251 1525 perrrmnsii
266 1471 290 1512 ad
313 1483 380 1512 aunum
402 1484 464 1525 usque
488 1471 561 1514 Christi
584 1470 636 1522 337,
664 1483 702 1523 quo
725 1474 798 1513 Persae

50 1540 112 1579 fracto
135 1539 215 1578 1001006
234 1538 393 1591 Mesopotamiam
416 1538 478 1584 denuo
501 1539 588 1589 ingressi
603 1538 678 1577 Nisibin
700 1539 800 1580 obsidione

49 1607 156 1645 cinxerunt.

116 1692 136 1731 10
155 1694 208 1732 10010
223 1703 286 1730 rerum
301 1692 385 1731 civilium
398 1693 532 1732 vicissitudine
546 1694 567 1731 et
580 1691 724 1743 perturbatione
738 1702 801 1742 neque
824 1708 828 1716 r

52 1757 148 1797 eeclesiae
165 1759 228 1798 status
245 1760 327 1809 pacatus
344 1760 386 1798 init.
414 1759 501 1798 Ronrano
514 1757 659 1809 Martyrologio
678 1755 812 1813 [61110ομι

53 1823 122 1864 XXIX
140 1826 166 1864 61
179 1823 248 1874 ΧΧΧ)
265 1826 282 1863 si
298 1824 471 1878 1160010100000,
487 1825 566 1866 Traiani
580 1827 666 1876 tempore
680 1823 803 1864 Barsirnaeus

53 1891 155 1937 ecclesiam
168 1890 286 1929 Edesseuam
299 1891 428 1943 gubernavit,
449 1893 481 1945 qui
495 1895 598 1945 postquam
613 1889 699 1940 gentiles
711 1889 804 1941 plurimos

54 1957 78 1996 ad
93 1957 149 1996 iidem
163 1956 270 2006 convertit,
287 1958 329 2007 ipse
345 1958 418 1996 demum
432 1956 524 2010 martyrio
538 1970 580 1997 earu
595 1956 714 2005 obsignavit.
742 1954 804 1994 Paulo

54 2025 101 2075 post
115 2022 210 2072 Abgarus
226 2021 291 2061 Maeui
304 2022 354 2061 iilius
370 2024 486 2073 religionem
500 2023 627 2064 Christianam
644 2022 743 2062 confessus
759 2016 804 2059 e'sse

55 2090 140 2128 videtur.
168 2089 191 2127 111
207 2088 305 2127 iarniliaris
320 2090 356 2127 luit
366 2089 500 2138 Bardesanes,
515 2089 539 2127 de
556 2101 593 2139 qno
606 2088 654 2125 baec
668 2086 728 2124 babet
736 2085 805 2125 Moses

58 2153 117 2194 Obor.
136 2152 161 2205 (l.
179 2152 199 2190 ll
217 2164 234 2192 6.
247 2151 304 2205 63.]:
322 2152 462 2203 „bardesanes
476 2152 601 2205 suessanus,
618 2152 740 2193 historiarum
754 2153 806 2192 scri-

57 2222 113 2273 ptor,
131 2218 277 2258 Valentinianae
294 2220 360 2257 sectae
372 2220 432 2270 primo
446 2207 567 2272 discipulus,
584 2232 640 2272 qnam
653 2222 725 2271 postea
739 2219 814 2259 reiecit·

58 2301 80 2328 ac
97 2285 181 2335 refellit,
203 2295 265 2336 neque
284 2286 347 2324 tamen
367 2285 392 2324 ad
411 2287 514 2326 veritatem
532 2298 556 2342 se
575 2286 672 2336 adiunxit,
691 2287 727 2325 sed
745 2286 769 2325 ab
784 2297 808 2324 ea

58 2357 113 2401 secta
131 2352 226 2405 decedens
243 2350 298 2389 aliam
318 2351 362 2402 ipsc
376 2351 466 2391 haeresin
479 2353 568 2394 instituit.
584 2351 630 2391 ¹Vir
645 2354 688 2392 erat
702 2351 809 2391 litterarum

59 2431 145 2472 gnarus,
169 2419 200 2471 qui
224 2417 282 2457 etiam
305 2417 329 2456 ad
349 2417 453 2475 Antonium
476 2419 578 2471 epistolam
597 2419 682 2457 scribere
699 2429 758 2456 ausus
779 2419 810 2457 est
871 2412 877 2417 ⁸

60 2487 170 2538 rnultosque
189 2494 287 2524 sermones
306 2484 374 2522 contra
386 2484 511 2525 Marcionitas
530 2488 588 2537 atque
609 2477 751 2523 simulacrorum
767 2484 810 2523 enl-

61 2556 101 2592 turn
119 2539 253 2603 conrposrrit.“
287 2540 342 2598 loligo
365 2550 411 2599 post
428 2549 484 2589 idern
501 2562 547 2590 mox
566 2546 700 2590 Gnosticorum
718 2549 812 2589 haereses

62 2619 150 2659 invectae
170 2618 215 2657 sunt
232 2616 289 2655 etiarn
307 2615 325 2653 in
344 2613 512 2667 Mesopotamiam.
544 2615 585 2657 Sed
599 2616 637 2655 alia
651 2627 714 2671 eaque
730 2616 812 2665 gravior

67 2724 195 2734 '‘d-..-

131 2798 150 2842 1)
163 2797 188 2837 Er
200 2799 264 2834 calculo
278 2798 358 2844 Syrorum
370 2806 412 2832 aera
423 2796 514 2832 Persarum
525 2798 571 2833 eadit
581 2801 599 2833 iu
611 2808 626 2833 a·
639 2802 678 2835 227.
