1786 3062
102 188 142 229 rra
187 248 189 251 Υ

101 301 217 351 tractarunt,
238 300 260 340 ut
273 300 330 341 etiam
345 297 460 348 alienigenis
475 299 583 350 praecepta
597 297 639 352 eius
654 299 762 340 traderent.
781 297 854 352 Quam,

60 369 62 372 ’
102 369 183 408 adrem
203 366 462 418 opuseratgrauuuatica.
493 364 578 404 blandem
597 364 615 404 in
634 366 698 406 urbem
713 365 760 419 Syri
778 363 849 404 diuites

102 448 125 475 ae
141 434 216 474 nubiles
234 433 285 473 filies
304 447 350 474 sirus
366 433 482 482 delegarunt
496 443 538 470 eum
553 431 578 469 ad
592 431 658 483 baem,
676 434 791 483 utelinguae
806 431 849 481 Sy-

100 502 164 541 riacae
173 501 346 554 pronuntiationem
355 500 467 550 legitimam,
477 497 640 548 elegantissimam
651 499 766 539 ediscerent.
785 499 849 553 Quare

98 579 167 607 errare
181 570 200 607 iu
216 580 239 607 eo
254 580 292 620 non
304 567 401 616 videniur,
420 564 471 618 quod
486 564 582 615 prioribus
595 564 632 602 iam
646 565 730 604 saeculis
744 566 763 604 iu
777 564 848 604 scholis

102 632 196 684 Syrorum
205 623 546 684 grauuuaticamdorrdsseputamus.
559 629 627 683 Neque
637 631 676 670 Bar
683 631 802 671 -llebraeus
811 630 850 669 ulla

102 701 191 740 veritatis
208 700 274 751 specie
293 698 370 738 tradere
389 699 498 750 potuisset,
517 697 616 748 disputare
631 697 680 737 iuter
695 709 717 735 se
734 697 850 738 Graecorum

103 768 123 805 et
141 752 234 817 Syrorum
248 765 391 814 ‚grauruaaticos
405 765 429 802 de
443 765 554 803 accentuum
570 765 692 817 inventione,
711 764 748 802 nisi
762 763 787 804 ad
799 767 850 804 tenr-

102 845 150 885 poru
162 845 204 873 earu
217 824 318 871 memoriae
333 831 477 882 antiquissimae
490 830 596 870 retulisset.

168 962 208 1017 lam
226 962 307 1014 videas,
328 961 373 1014 quid
393 960 436 1000 iude
450 962 545 1002 redundet
560 961 584 1000 ad
598 961 707 1001 Hebraicac
721 961 852 1013 punctatiouis

103 1030 221 1081 probandam
242 1029 380 1079 antiquitatem.
412 1027 486 1066 Timide
505 1029 581 1080 quidem
601 1031 621 1068 et
635 1028 747 1067 verecunde
764 1027 782 1064 in
797 1039 851 1065 caru-

104 1109 148 1146 pum
168 1093 300 1134 descendimus
321 1092 375 1131 aleae
391 1093 478 1144 pleruuu,
497 1093 516 1131 iu
532 1105 582 1146 quo,
599 1092 707 1144 mehercle,
727 1092 774 1145 quot
789 1103 851 1144 quau-

103 1162 156 1215 tique
172 1162 209 1200 viri
227 1159 351 1198 desudarunt.
379 1159 442 1213 Quare
455 1171 518 1212 neque
534 1161 614 1198 anirurrru
627 1146 733 1199 inducimus
748 1158 773 1196 ad
786 1170 852 1196 arrius-

104 1229 139 1267 sim
155 1229 216 1268 orauria
232 1236 307 1264 vocare
326 1225 346 1264 et
366 1225 385 1263 iu
405 1227 447 1265 tuto
463 1225 573 1278 liquidoque
591 1226 657 1277 posita
677 1225 797 1277 relinquere,
816 1224 852 1264 sed

104 1295 170 1346 potius
187 1306 228 1334 eam
242 1292 363 1344 proferemus
378 1292 502 1343 seutentiam,
522 1304 571 1344 quae
585 1291 687 1346 postquam
703 1292 753 1344 apud
769 1292 852 1331 arbitros

106 1363 127 1400 et
137 1362 227 1400 auctores
236 1359 354 1398 certissimos
363 1358 448 1398 sollicite
456 1351 496 1397 rem
505 1358 647 1412 inquisivimus,
662 1359 791 1400 consentanea
798 1359 853 1399 uobis

105 1430 126 1468 et
141 1426 246 1480 probabilis
262 1425 358 1465 uideatur.
384 1425 415 1465 De
434 1426 542 1478 scripturae
558 1424 660 1467 Seruitieae
675 1426 802 1476 aruhiguitate
815 1438 853 1465 uon

105 1497 148 1544 est,
172 1494 223 1546 quod
241 1503 359 1543 naoneamus,
380 1492 448 1543 Quare
469 1504 501 1531 ars
515 1491 605 1543 quaedam
620 1494 663 1531 erat
676 1494 714 1530 non
726 1492 787 1531 solum
801 1493 868 1546 scri-¹

105 1561 174 1611 beudi,
198 1557 233 1599 sed
247 1550 304 1598 etiam
317 1557 398 1607 legendi
412 1561 432 1598 et
446 1558 544 1610 preprium
557 1557 637 1598 lectoris
652 1562 726 1598 uranus.
754 1557 794 1598 Iam
809 1560 853 1599 aute

105 1627 194 1667 exsilium
216 1624 353 1676 Babylonicum
375 1623 412 1674 illi,
436 1625 469 1676 qui
489 1624 540 1673 'apin'
564 1622 674 1676 dicebatur,
695 1626 752 1663 etiam
771 1625 853 1664 osticium

105 1693 238 1732 demandatum
258 1692 310 1741 crat,
336 1701 386 1743 quae
405 1691 563 1742 scripta'erant,
582 1690 619 1731 rite
632 1691 720 1741 legendi.
748 1681 871 1744 Baroclrus,

105 1759 197 1800 Ieremiae
218 1757 350 1808 anrauuensis,
373 1757 424 1808 *ipio
444 1757 518 1808 dictus,
537 1759 638 1809 postquam
657 1759 747 1810 scripsit,
772 1762 792 1799 et
810 1761 853 1811 ipsc

105 1829 156 1877 legit
175 1827 242 1866 llbrum
263 1835 274 1863 a
292 1823 373 1864 Ieremia
392 1824 430 1875 ipsi
449 1823 539 1864 dictatum
560 1822 608 1876 [Ier.
626 1824 726 1875 XXXVI,
747 1824 780 1864 lo.
799 1824 854 1880 20.];

106 1894 125 1932 in
140 1892 211 1944 templo
226 1891 323 1941 proprium
339 1892 382 1930 erat
395 1889 488 1930 conclave
502 1889 595 1943 Scribae,
613 1892 646 1930 ubi
659 1892 676 1930 si
690 1892 735 1944 quid
748 1892 853 1942 legendum
874 1938 876 1940 v

107 1961 127 1999 et
145 1970 172 1998 ex
189 1957 246 2006 Lege
265 1956 393 2008 quaerendum
411 1957 459 2007 fuit,
478 1958 580 2008 Principes
594 1968 616 1995 se
630 1969 768 2007 congregasse
782 1958 853 1997 viden-

107 2027 145 2065 tur.
173 2023 194 2063 Iu
213 2023 272 2062 exilio
287 2023 408 2074 Babylonico
422 2034 454 2061 ars
468 2022 562 2063 lItteraria
577 2025 634 2064 aueta
649 2025 686 2064 est.
712 2024 772 2064 lirant
786 2024 854 2064 direr-

106 2104 140 2130 sae
164 2091 236 2140 gentes
260 2091 279 2129 iu
301 2091 380 2142 imperio
406 2087 544 2143 Chaldaeorum
567 2092 588 2129 et
611 2090 712 2128 Persarum
737 2091 855 2131 corriuuctae.

107 2157 186 2196 llxteris
196 2158 222 2199 ¹et
236 2156 351 2207 alienigenis
367 2156 441 2196 etiamsi
452 2155 536 2208 Syriaco
552 2156 660 2208 callebant,
674 2156 693 2195 iu
705 2155 790 2207 legendo
805 2171 854 2211 opus
874 2207 876 2209 ι

108 2227 150 2264 erut
168 2225 271 2274 magistro.
304 2223 368 2276 Quare
388 2222 458 2262 Daniel
477 2225 497 2262 et
509 2225 562 2264 ,sccii
581 2235 619 2262 non
637 2222 699 2261 sulum
715 2223 801 2273 linguam
820 2226 855 2264 sed

108 2291 164 2329 etiam
179 2297 218 2331 *aas
232 2288 372 2329 Chaldaeorum
388 2288 487 2329 dooeutur.
514 2289 599 2330 lllaxime
612 2287 663 2328 ldsra
676 2287 713 2329 hoe
726 2292 801 2330 nourine
816 2303 855 2331 ex-

108 2355 180 2397 celluit.
207 2355 282 2395 Etenim
301 2356 409 2408 appellatur
427 2369 443 2397 e.
458 2356 505 2408 VII,
521 2357 541 2397 [i.
555 2365 607 2399 *rann
623 2365 672 2398 aare
688 2359 708 2397 et
722 2357 798 2409 inipso
813 2357 856 2398 Ar-

108 2423 219 2464 tacbsastae
234 2421 430 2474 diplomateoruatur
444 2421 510 2462 titulo:
530 2431 577 2464 arna
589 2421 610 2463 ‘ri
623 2422 664 2466 aba
680 2432 700 2463 io
717 2432 758 2464 errae
773 2431 813 2464 'aee
829 2422 857 2477 [o.

108 2488 157 2539 VII,
172 2486 205 2528 lo.
218 2483 262 2541 12].
290 2486 332 2541 Qua
346 2488 365 2526 iu
380 2490 441 2538 geute
456 2489 476 2527 iu
490 2490 613 2540 emtionibus,
633 2489 742 2541 diplomatis
756 2491 795 2529 ete.
808 2503 856 2530 oau-

111 2555 151 2593 tum
163 2557 193 2594 est
202 2554 287 2612 sigiliis,
295 2554 417 2604 testimoniis,
431 2553 469 2592 ler.
477 2553 562 2607 XXXII,
580 2554 611 2595 lo.
619 2566 662 2608 sq,
675 2565 737 2595 raonue
747 2556 814 2607 putas,
830 2557 857 2597 ibi

110 2632 175 2660 curam
189 2632 265 2673 quoque
279 2619 380 2660 adhibitam
396 2633 452 2674 esse,
471 2622 493 2661 ut
508 2622 615 2674 scripturae
632 2622 749 2672 ambiguitas
763 2619 856 2677 tollatur?

81 2726 82 2734 ,
109 2687 149 2727 Iam
168 2687 193 2726 ad
210 2687 272 2727 locum
286 2677 395 2727 'rectoriae
413 2688 541 2739 procedamus
560 2690 706 2728 veracissimum
726 2700 743 2728 o.
759 2688 816 2741 VIII,
831 2679 857 2730 ἱ8.

110 2752 237 2794 Memorabile
257 2752 298 2802 est,
321 2753 372 2804 quod
392 2754 459 2793 eadem
477 2766 521 2793 vox
539 2755 597 2796 idaea
615 2754 689 2806 legitur
704 2753 749 2793 llsr.
763 2753 801 2807 IV,
817 2747 857 2808 17,

110 2822 142 2862 ubi
165 2820 210 2861 Rex
230 2819 332 2861 Persarum
356 2820 434 2873 seribIt,
458 2818 560 2873 epistolam
585 2821 622 2862 sibi
640 2820 710 2863 lectam
729 2831 774 2861 esse
792 2824 858 2864 daea.
